Title,Title_link,Price,count___1LWwo,unit_info___32SjE,label___2DYkt,Reviews,Orgin,Brand
Glico Disney Popcan Soda Lollipop 30pc 1 box,https://www.sayweee.com/en/product/Glico-Disney-Popcan-Soda-Lollipop-30pc/56252,$24.99 ,800+ Sold,$24.99/box,,-20,Japan,Glico
Buke Mylikes Chocolate Beans 30 g,https://www.sayweee.com/en/product/Buke-Mylikes-Chocolate-Beans/81736,$0.49 ,1K+ Sold,,New,-126,Mainland China,Buke
"Kabaya Pureral Gummy Candy, Grape Flavor 58 g",https://www.sayweee.com/en/product/Kabaya-Pureral-Gummy-Candy--Grape-Flavor/34327,$2.99 ,200+ Sold,$0.05/g,,-2,Japan,
ORIHIRO Konjac Jelly White Peach Stand-Up Pouch 130 g,https://www.sayweee.com/en/product/ORIHIRO-Konjac-Jelly-White-Peach-StandUp-Pouch/6135,$2.99 ,200+ Sold,,New,-4,Japan,
"ORIHIRO Konjac Jelly Lemon, Hokkaido Melon, and Grape Flavor 6pcs 240 g",https://www.sayweee.com/en/product/ORIHIRO-Konjac-Jelly-Lemon--Hokkaido-Melon--and-Grape-Flavor-6pcs/32853,$3.49 ,200+ Sold,,New,-2,Japan,ORIHIRO
Black Ball Premium Grass Jelly 3pk  13.8 oz,https://www.sayweee.com/en/product/Black-Ball-Premium-Grass-Jelly-3pk-/39982,$3.59 ,1K+ Sold,$0.26/oz,20% Off,-492,United States,
Black Ball Aiyu Jelly 13.8 oz,https://www.sayweee.com/en/product/Black-Ball-Aiyu-Jelly/51916,$4.49 ,300+ Sold,$0.32/oz,,-144,United States,
FormosaYAY Imperial Matcha Mochi 6pcs 180 g,https://www.sayweee.com/en/product/FormosaYAY-Imperial-Matcha-Mochi-6pcs/84645,$1.89 ,300+ Sold,,,-4,Taiwan,
White Rabbit Creamy Candy 180 g,https://www.sayweee.com/en/product/White-Rabbit-Creamy-Candy/97045,$4.09 ,800+ Sold,,,-164,Mainland China,White Rabbit
POPCAN Fruit Lollipop Disney Edition 1pc 1 count,https://www.sayweee.com/en/product/POPCAN-Fruit-Lollipop-Disney-Edition-1pc/18499,$0.99 ,1K+ Sold,$0.99/count,20% Off,-26,Japan,
Jeagueijih Konjac Jelly Lychee 11 oz,https://www.sayweee.com/en/product/Jeagueijih-Konjac-Jelly-Lychee/3922,$2.79 ,1K+ Sold,$0.25/oz,20% Off,-306,Taiwan,Jeagueijih
Jeagueijih Konjac Jelly Passion Fruit 11 oz,https://www.sayweee.com/en/product/Jeagueijih-Konjac-Jelly-Passion-Fruit/3923,$3.79 ,1K+ Sold,$0.34/oz,,-308,Taiwan,Jeagueijih
Hsufuchi Assorted Crisp Candy 328 g,https://www.sayweee.com/en/product/Hsufuchi-Assorted-Crisp-Candy/73308,$6.59 ,900+ Sold,,,-127,Mainland China,
GYF Sugar Coated Hawthorn 1 pc 75 g,https://www.sayweee.com/en/product/GYF-Sugar-Coated-Hawthorn-1-pc/99747,$2.39 ,900+ Sold,$0.03/g,,-25,Mainland China,
Meiji Meltyblend Chocolate  2.11 oz,https://www.sayweee.com/en/product/Meiji-Meltyblend-Chocolate-/10094,$3.99 ,1K+ Sold,$1.89/oz,,-74,Mainland China,MEIJI
"Want Want Ice Pops, Assorted Flavors 78 ml",https://www.sayweee.com/en/product/Want-Want-Ice-Pops--Assorted-Flavors/65995,$2.49 ,500+ Sold,$0.03/ml,,-29,Mainland China,WANT WANT
KitKat Mini Strawberry 12pcs 5.07 oz,https://www.sayweee.com/en/product/KitKat-Mini-Strawberry-12pcs/441,$7.99 ,400+ Sold,$1.57/oz,,-7,Japan,
Bourbon Fettuccine Grape Gummy 1.76 oz,https://www.sayweee.com/en/product/Bourbon-Fettuccine-Grape-Gummy/23901,$1.49 ,800+ Sold,$0.84/oz,New,-24,Japan,BOURBON
Orihiro Apple & Grape Konjac Jelly 12 pcs 1 each,https://www.sayweee.com/en/product/Orihiro-Apple---Grape-Konjac-Jelly-12-pcs/3165,$4.99 ,1K+ Sold,$4.99/each,,-55,Japan,ORIHIRO
Meiji Gummy Choco Fruits Mix 81 g,https://www.sayweee.com/en/product/Meiji-Gummy-Choco-Fruits-Mix/18979,$3.99 ,700+ Sold,$0.04/g,New,-18,Mainland China,
Kit Kat Mini Milk Tea Flavor 4.4 oz,https://www.sayweee.com/en/product/Kit-Kat-Mini-Milk-Tea-Flavor/85393,$8.99 ,600+ Sold,$2.04/oz,,-2,Japan,
Hi-Chew Plus Fruit Mix Bag 90 g,https://www.sayweee.com/en/product/Hi-Chew-Plus-Fruit-Mix-Bag/19009,$2.29 ,400+ Sold,,,-11,Mainland China,
Marukawa Assorted Gum 1.51 oz,https://www.sayweee.com/en/product/Marukawa-Assorted-Gum/73293,$1.19 ,900+ Sold,$0.78/oz,,-49,Japan,
Bourbon Fettuccine Italian Lemon Gummy Candy 1.93 oz,https://www.sayweee.com/en/product/Bourbon-Fettuccine-Italian-Lemon-Gummy-Candy/23912,$1.49 ,200+ Sold,$0.77/oz,,-12,Japan,BOURBON
"Kabaya Pureral Gummy Candy, Melon Flavor 58 g",https://www.sayweee.com/en/product/Kabaya-Pureral-Gummy-Candy--Melon-Flavor/79394,$2.99 ,200+ Sold,$0.05/g,,-5,Japan,
Meiji Kajyu Gummy Mikan 51 g,https://www.sayweee.com/en/product/Meiji-Kajyu-Gummy-Mikan/20016,$2.79 ,300+ Sold,$0.05/g,,-4,Japan,MEIJI
"Meiji Chocolate Melty Blend, Hazelnut Flavor  2.11 oz",https://www.sayweee.com/en/product/Meiji-Chocolate-Melty-Blend--Hazelnut-Flavor-/35529,$4.79 ,700+ Sold,$2.27/oz,,-14,Mainland China,MEIJI
Meiji Gummy Choco Strawberry 81 g,https://www.sayweee.com/en/product/Meiji-Gummy-Choco-Strawberry/18980,$3.99 ,"300+ Sold,1 Left",$0.04/g,,-14,Mainland China,
Orihiro Muscat and Orange Konjac Jelly 12 pc 1 each,https://www.sayweee.com/en/product/Orihiro-Muscat-and-Orange-Konjac-Jelly-12-pc/3331,$4.99 ,400+ Sold,$4.99/each,,-52,Japan,ORIHIRO
Orihiro Jelly Strawberry 6pcs 120 g,https://www.sayweee.com/en/product/Orihiro-Jelly-Strawberry-6pcs/84254,$3.09 ,"500+ Sold,3 Left",,,-3,Japan,
Meiji Meltyblend Green Tea Chocolate 2.11 oz,https://www.sayweee.com/en/product/Meiji-Meltyblend-Green-Tea-Chocolate/10095,$3.99 ,1K+ Sold,$1.89/oz,,-39,Mainland China,MEIJI
Dr. Liv Konjac Jelly Blueberry Flavor  150 g,https://www.sayweee.com/en/product/Dr--Liv-Konjac-Jelly-Blueberry-Flavor-/67029,$1.99 ,100+ Sold,,,-10,South Korea,
"Kabaya Pureral Gummy Candy, Apple Flavor 58 g",https://www.sayweee.com/en/product/Kabaya-Pureral-Gummy-Candy--Apple-Flavor/34333,$2.99 ,200+ Sold,$0.05/g,,-1,Japan,
Fujiya Peko Chan Peach Gummy  1.76 oz,https://www.sayweee.com/en/product/Fujiya-Peko-Chan-Peach-Gummy-/25234,$2.59 ,300+ Sold,$1.47/oz,,-20,Japan,
"UHA Kororo Gummy Candy, Soda Flavor 40 g",https://www.sayweee.com/en/product/UHA-Kororo-Gummy-Candy--Soda-Flavor/17664,$2.99 ,400+ Sold,$0.07/g,,-16,Japan,
Prince of Peace Original Ginger Chews 113 g,https://www.sayweee.com/en/product/Prince-of-Peace-Original-Ginger-Chews/73815,$1.89 ,400+ Sold,,,-43,Indonesia,Prince of Peace
Fujiya Peko Chan Grape Gummy  1.76 oz,https://www.sayweee.com/en/product/Fujiya-Peko-Chan-Grape-Gummy-/25233,$2.39 ,200+ Sold,$1.35/oz,5% Off,-16,Japan,
Jinguan Brown Sugar Candy with Plum  180 g,https://www.sayweee.com/en/product/Jinguan-Brown-Sugar-Candy-with-Plum-/10753,$2.99 ,700+ Sold,,,-59,Mainland China,
Fujiya Peko Poko Chocolatey Lollipop 0.84 oz,https://www.sayweee.com/en/product/Fujiya-Peko-Poko-Chocolatey-Lollipop/25239,$2.79 ,1K+ Sold,$3.32/oz,5% Off,-9,Japan,
Bourbon Chocolate Ichigo Mousse 1.55 oz,https://www.sayweee.com/en/product/Bourbon-Chocolate-Ichigo-Mousse/23899,$1.89 ,300+ Sold,$1.21/oz,,-26,Japan,BOURBON
SnackTalk Cow Milk Tablet  20 g,https://www.sayweee.com/en/product/SnackTalk-Cow-Milk-Tablet-/67135,$1.69 ,700+ Sold,$0.08/g,,-36,Australia,
Popin' Cookin' Tanoshii Bento Set 1 oz,https://www.sayweee.com/en/product/Popin-Cookin-Tanoshii-Bento-Set/95704,$3.99 ,100+ Sold,$3.99/oz,,-27,Japan,Kracie
Meiji Pucca Chocolate Biscuits 1.51 oz,https://www.sayweee.com/en/product/Meiji-Pucca-Chocolate-Biscuits/24616,$2.79 ,100+ Sold,$1.84/oz,,-6,Japan,MEIJI
Tarami Grape Jelly Pouch 150 g,https://www.sayweee.com/en/product/Tarami-Grape-Jelly-Pouch/83517,$2.49 ,"800+ Sold,17 Left",,,-18,Japan,
Black Ball Matcha Jelly 3ct 13.8 oz,https://www.sayweee.com/en/product/Black-Ball-Matcha-Jelly-3ct/14239,$4.99 ,200+ Sold,$0.36/oz,,-43,United States,
"ORIHIRO Konjac Jelly, Peach snd Pink Grapefruit Flavors 12pcs 240 g",https://www.sayweee.com/en/product/ORIHIRO-Konjac-Jelly--Peach-snd-Pink-Grapefruit-Flavors-12pcs/31612,$4.99 ,700+ Sold,,New,-10,Japan,ORIHIRO
"Hi-Chew Candy, Original Flavors 12.7 oz",https://www.sayweee.com/en/product/HiChew-Candy-Original-Flavors/51895,$6.99 ,200+ Sold,$0.55/oz,,-10,United States,Morinaga
Kit Kat Minis Unwrapped 7.6 oz,https://www.sayweee.com/en/product/Kit-Kat-Minis-Unwrapped/86862,$5.19 ,100+ Sold,$0.68/oz,,-13,United States,KIT KAT
Taiwan Dessert Milk Nougat  100 g,https://www.sayweee.com/en/product/Taiwan-Dessert-Milk-Nougat-/16322,$3.69 ,100+ Sold,$0.03/g,,-29,Taiwan,
Konjac Jelly Mango 11 oz,https://www.sayweee.com/en/product/Konjac-Jelly-Mango/35179,$3.99 ,300+ Sold,$0.36/oz,,-49,Taiwan,
Kracie Popin' Cookin' Tanoshii Hamburger Set 1.1 oz,https://www.sayweee.com/en/product/Kracie-Popin-Cookin-Tanoshii-Hamburger-Set/13580,$3.99 ,50+ Sold,$3.62/oz,,-37,Japan,Kracie
Meiji Fruit Gummy Assortment 12pk 156 g,https://www.sayweee.com/en/product/Meiji-Fruit-Gummy-Assortment-12pk/85408,$6.19 ,200+ Sold,$0.03/g,,-9,Japan,MEIJI
UHA Kororo Gummy Candy - Grape 1 each,https://www.sayweee.com/en/product/UHA-Kororo-Gummy-Candy---Grape/68762,$2.99 ,"400+ Sold,1 Left",$2.99/each,,-24,Japan,
Sesame Cakes 300 g,https://www.sayweee.com/en/product/Sesame-Cakes/78347,$8.49 ,1K+ Sold,,,-145,Taiwan,Helaodie
ORIHIRO Jelly Peach and Kyoho Grape Flavor 12pc 240 g,https://www.sayweee.com/en/product/ORIHIRO-Jelly-Peach-and-Kyoho-Grape-Flavor-12pc/13083,$4.99 ,100+ Sold,,,-21,Japan,ORIHIRO
"Orihiro Jelly, Apple Flavor 6pcs 120 g",https://www.sayweee.com/en/product/Orihiro-Jelly--Apple-Flavor-6pcs/79405,$3.09 ,500+ Sold,,,-4,Japan,
"QuanFuDe Sugar-Coated Hawthorns, Frozen 200 g",https://www.sayweee.com/en/product/QuanFuDe-SugarCoated-Hawthorns-Frozen/39843,$6.99 ,"500+ Sold,43 Left",$0.03/g,,-56,Mainland China,
UHA Kororo Gummy Candy - Muscat,https://www.sayweee.com/en/product/UHA-Kororo-Gummy-Candy---Muscat/68761,$2.89 ,500+ Sold,,,-13,,
Meiji Strawberry Gummies 1.79 oz,https://www.sayweee.com/en/product/Meiji-Strawberry-Gummies/91892,$1.99 ,400+ Sold,$1.11/oz,,-25,Japan,MEIJI
Lao Jie Kou Candied Hawthorn Skewers 5ct 70 g,https://www.sayweee.com/en/product/Lao-Jie-Kou-Candied-Hawthorn-Skewers-5ct/8065,$12.79 ,50+ Sold,$0.18/g,20% Off,-249,Mainland China,
"Hi-Chew Candy, Sweet and Sour Flavors 12.7 oz",https://www.sayweee.com/en/product/HiChew-Candy-Sweet-and-Sour-Flavors/51900,$6.99 ,,$0.55/oz,,-11,United States,Morinaga
Meiji Kajyu Gummy Grape 51 g,https://www.sayweee.com/en/product/Meiji-Kajyu-Gummy-Grape/20017,$1.99 ,100+ Sold,$0.03/g,,-12,Japan,MEIJI
"Kit Kat Minis, Matcha 4.78 oz",https://www.sayweee.com/en/product/Kit-Kat-Minis--Matcha/92000,$9.99 ,200+ Sold,$2.08/oz,,-5,Japan,KIT KAT
Haribo Goldbears 142g 142 g,https://www.sayweee.com/en/product/Haribo-Goldbears-142g/58573,$1.79 ,100+ Sold,,,-38,Germany,
Morinaga Ramune Soda Fizzy Candy  1.02 oz,https://www.sayweee.com/en/product/Morinaga-Ramune-Soda-Fizzy-Candy-/24617,$1.99 ,500+ Sold,$1.95/oz,5% Off,-6,Japan,
Dr. Liv Konjac Jelly Peach Flavor  150 g,https://www.sayweee.com/en/product/Dr--Liv-Konjac-Jelly-Peach-Flavor-/84785,$2.19 ,"300+ Sold,53 Left",,New,,South Korea,
Mochi - Strawberry Flavor 120 g,https://www.sayweee.com/en/product/Mochi---Strawberry-Flavor/85098,$3.33 ,300+ Sold,,New,,Mainland China,
"Meiji Chocolate Melty Blend, Strawberry Flavor 2.11 oz",https://www.sayweee.com/en/product/Meiji-Chocolate-Melty-Blend--Strawberry-Flavor/35530,$4.99 ,700+ Sold,$2.36/oz,,-2,Mainland China,MEIJI
Kasugai Frutia Lychee Gummy Candy 3.59 oz,https://www.sayweee.com/en/product/Kasugai-Frutia-Lychee-Gummy-Candy/76926,$2.49 ,200+ Sold,$0.69/oz,16% Off,,Japan,
Orihiro 0kcal Jelly Green Grape Flavor 130 g,https://www.sayweee.com/en/product/Orihiro-0kcal-Jelly-Green-Grape-Flavor/84253,$2.99 ,400+ Sold,,,-1,Japan,
Meiji Gummy Choco Green Grape Flavor 2.85 oz,https://www.sayweee.com/en/product/Meiji-Gummy-Choco-Green-Grape-Flavor/85159,$3.99 ,400+ Sold,$1.40/oz,,,Mainland China,MEIJI
Kit Kat Mini White Chocolate 4.1 oz,https://www.sayweee.com/en/product/Kit-Kat-Mini-White-Chocolate/85500,$8.99 ,50+ Sold,$2.19/oz,New,,Japan,KIT KAT
Mochi - Matcha Flavor 120 g,https://www.sayweee.com/en/product/Mochi---Matcha-Flavor/85097,$3.33 ,200+ Sold,,New,,Mainland China,
"Cocomels Organic Coconut Milk Caramels, Original 3.5 oz",https://www.sayweee.com/en/product/Cocomels-Organic-Coconut-Milk-Caramels--Original/46147,$2.99 ,50+ Sold,$0.85/oz,,-1,United States,
Justin's Organic Dark Chocolate Peanut Butter Cups 4.7 oz,https://www.sayweee.com/en/product/Justins-Organic-Dark-Chocolate-Peanut-Butter-Cups/80483,$6.79 ,,$1.44/oz,,-3,United States,JUSTIN`S
Smartsweets Sweet Fish 1.8 oz,https://www.sayweee.com/en/product/Smartsweets-Sweet-Fish/48995,$2.99 ,,$1.66/oz,,,United States,
Ghirardelli Milk Chocolate Chips 11.5 oz,https://www.sayweee.com/en/product/Ghirardelli-Milk-Chocolate-Chips/43019,$4.49 ,,$0.39/oz,,-1,United States,
Smart Sweets Sour Blast Buddies 1.8 oz,https://www.sayweee.com/en/product/Smart-Sweets-Sour-Blast-Buddies/79724,$2.99 ,,$1.66/oz,,,United States,Smart Sweets
Mi Dulce Mexico Jelly Cups 8 count,https://www.sayweee.com/en/product/Mi-Dulce-Mexico-Jelly-Cups/2425,$1.59 ,200+ Sold,$0.19/count,,-4,Mainland China,Mi Dulce Mexico
Unisman King ChocNut Peanut Milk Chocolate 200 g,https://www.sayweee.com/en/product/Unisman-King-ChocNut-Peanut-Milk-Chocolate/39192,$2.99 ,100+ Sold,,,-2,Philippines,
"Lotte Gummy Candy, Strawberry Flavor 66 g",https://www.sayweee.com/en/product/Lotte-Gummy-Candy--Strawberry-Flavor/85322,$1.49 ,100+ Sold,,,,South Korea,Lotte
Striking Popping Candy Lychee Flavor 1.06 oz,https://www.sayweee.com/en/product/Striking-Popping-Candy-Lychee-Flavor/82501,$1.99 ,200+ Sold,$1.87/oz,,-3,Mainland China,
KitKat Otona No Amasa  5.18 oz,https://www.sayweee.com/en/product/KitKat-Otona-No-Amasa-/476,$8.99 ,200+ Sold,$1.73/oz,,-4,Japan,KIT KAT
Philippine Brand Mango Tamarind Ball 3.5 oz,https://www.sayweee.com/en/product/Philippine-Brand-Mango-Tamarind-Ball/47112,$2.49 ,50+ Sold,$0.71/oz,,-2,Philippines,
"Asahi Tablet Candy, Mango & Peach 0.52 oz",https://www.sayweee.com/en/product/Asahi-Tablet-Candy--Mango---Peach/10335,$2.69 ,100+ Sold,$5.17/oz,,-4,Japan,
FormosaYAY Adzuki Bean Mochi 6pcs 180 g,https://www.sayweee.com/en/product/FormosaYAY-Adzuki-Bean-Mochi-6pcs/84644,$1.89 ,200+ Sold,,,-4,Taiwan,
Fujjya Chocolate Pencil Candy  0.95 oz,https://www.sayweee.com/en/product/Fujjya-Chocolate-Pencil-Candy-/25240,$2.79 ,300+ Sold,$2.93/oz,,-11,Japan,
Striking Popping Candy Watermelon Flavor 1.06 oz,https://www.sayweee.com/en/product/Striking-Popping-Candy-Watermelon-Flavor/82499,$1.99 ,100+ Sold,$1.87/oz,,-3,Mainland China,
"Orihiro Konjac Jelly, Grape  130 g",https://www.sayweee.com/en/product/Orihiro-Konjac-Jelly--Grape-/6134,$2.49 ,200+ Sold,,,-5,Japan,
"ORIHIRO Konjac Jelly, Lemon and Hokkaido Melon Flavor 12pcs 240 g",https://www.sayweee.com/en/product/ORIHIRO-Konjac-Jelly--Lemon-and-Hokkaido-Melon-Flavor-12pcs/31611,$4.99 ,100+ Sold,,New,-3,Japan,ORIHIRO
Striking Popping Candy Peach Flavor 1.06 oz,https://www.sayweee.com/en/product/Striking-Popping-Candy-Peach-Flavor/82500,$1.99 ,100+ Sold,$1.87/oz,,-1,Mainland China,
De La Rosa Pulparindo Spicy and Salted Tamarind Candy 20 count,https://www.sayweee.com/en/product/De-La-Rosa-Pulparindo-Spicy-and-Salted-Tamarind-Candy/71663,$2.29 ,100+ Sold,$0.11/count,,-2,Mexico,De La Rosa
Jans Milk Chewy Candy Matcha Flavor 4.2 oz,https://www.sayweee.com/en/product/Jans-Milk-Chewy-Candy-Matcha-Flavor/42908,$1.69 ,50+ Sold,$0.40/oz,,-10,Indonesia,
Vero Mango Chili Coated Mango Lollipops 22.6 oz,https://www.sayweee.com/en/product/Vero-Mango-Chili-Coated-Mango-Lollipops/81840,$5.99 ,50+ Sold,$0.26/oz,,-1,United States,Barcel
Kopiko Coffee Candy  120 g,https://www.sayweee.com/en/product/Kopiko-Coffee-Candy-/36789,$1.49 ,300+ Sold,,,,Indonesia,Kopiko
Kinder Joy Egg with Toy  7 oz,https://www.sayweee.com/en/product/Kinder-Joy-Egg-with-Toy-/97534,$1.89 ,50+ Sold,$0.27/oz,,-26,United States,Kinder Joy
"Lotte Xylitol Gum, Apple Mint 96 g",https://www.sayweee.com/en/product/Lotte-Xylitol-Gum--Apple-Mint/39268,$4.99 ,50+ Sold,$0.05/g,,-1,South Korea,Lotte
Diana Vanilla Nougat Candy 6.73 oz,https://www.sayweee.com/en/product/Diana-Vanilla-Nougat-Candy/84358,$2.99 ,,$0.44/oz,,,Mexico,
Lucas Panzon Watermelon Hard Candy 14.1 oz,https://www.sayweee.com/en/product/Lucas-Panzon-Watermelon-Hard-Candy/86261,$4.69 ,,$0.33/oz,New,,Mexico,
Striking Popping Candy Melon Flavor 1.06 oz,https://www.sayweee.com/en/product/Striking-Popping-Candy-Melon-Flavor/82498,$1.99 ,50+ Sold,$1.87/oz,,-1,Mainland China,
De La Rosa Marzipan-Style Peanut Candy Mazapan 12 count,https://www.sayweee.com/en/product/De-La-Rosa-Marzipan-Style-Peanut-Candy-Mazapan/71661,$2.49 ,100+ Sold,$0.20/count,,-5,Mexico,De La Rosa
"Look Chocolate Aoi Hoseki, Muscat Flavor 1.41 oz",https://www.sayweee.com/en/product/Look-Chocolate-Aoi-Hoseki--Muscat-Flavor/35115,$3.99 ,200+ Sold,$2.82/oz,,-5,Japan,
Kracie Popin Cookin Tanoshii Cakes 0.9 oz,https://www.sayweee.com/en/product/Kracie-Popin-Cookin-Tanoshii-Cakes/13584,$3.59 ,50+ Sold,$3.98/oz,10% Off,-36,Japan,
"Asahi Tablet Candy, Mint 0.77 oz",https://www.sayweee.com/en/product/Asahi-Tablet-Candy--Mint/10333,$3.15 ,50+ Sold,$4.09/oz,,-2,Japan,
Banderilla Tama-Roca Original 30 oz,https://www.sayweee.com/en/product/Banderilla-Tama-Roca-Original/82444,$10.99 ,,$0.36/oz,,,Mexico,
Mei Wei Almond Flavor Coconut Milk Pudding 5.3 oz,https://www.sayweee.com/en/product/Mei-Wei-Almond-Flavor-Coconut-Milk-Pudding/83297,$1.79 ,,$0.33/oz,,,United States,
Lucas Gusano Tamarind Liquid Candy 10 count,https://www.sayweee.com/en/product/Lucas-Gusano-Tamarind-Liquid-Candy/85779,$3.79 ,,$0.37/count,New,,Mexico,
Tarami Konnyaku Peach Jelly Cup 5.64 oz,https://www.sayweee.com/en/product/Tarami-Konnyaku-Peach-Jelly-Cup/66056,$2.49 ,50+ Sold,$0.44/oz,,,Japan,Tarami
Dragonfly Mangosteen Flavored Pudding 6pk 27.5 oz,https://www.sayweee.com/en/product/Dragonfly-Mangosteen-Flavored-Pudding-6pk/32516,$3.49 ,50+ Sold,$0.12/oz,,-3,Malaysia,Dragon Fly
"Angelina Nata De Coco Red, Sweet Coconut Gel 12 oz",https://www.sayweee.com/en/product/Angelina-Nata-De-Coco-Red--Sweet-Coconut-Gel/34348,$2.79 ,2 Left,$0.23/oz,,,Philippines,
Brown Sugar Pearl Milk Tea Candy 108 g,https://www.sayweee.com/en/product/Brown-Sugar-Pearl-Milk-Tea-Candy/84947,$4.19 ,50+ Sold,$0.03/g,,,Mainland China,
Indy Hormigas Watermelon Flavor Candy 1 box,https://www.sayweee.com/en/product/Indy-Hormigas-Watermelon-Flavor-Candy/82481,$1.99 ,50+ Sold,$1.99/box,,-1,Mexico,
Gummy Candy Lychee Flavor 5 Bags Per Pack 100 g,https://www.sayweee.com/en/product/Gummy-Candy-Lychee-Flavor-5-Bags-Per-Pack/86908,$2.49 ,300+ Sold,,New,,Mainland China,
Salt & Lemon Candy  5.2 oz,https://www.sayweee.com/en/product/Salt---Lemon-Candy-/42405,$1.99 ,200+ Sold,$0.38/oz,,-1,Malaysia,
Cherry Grandfather Handmade Nougat with Cranberry  100 g,https://www.sayweee.com/en/product/Cherry-Grandfather-Handmade-Nougat-with-Cranberry-/6936,$7.99 ,,$0.07/g,,-4,Taiwan,
"Beny Locochas Sabor Mango Hard Candy with Chili,60ct 1 each",https://www.sayweee.com/en/product/Beny-Locochas-Sabor-Mango-Hard-Candy-with-Chili-60ct/82477,$3.89 ,,$3.89/each,,,Mexico,
Beny Locochas Sabor Chamoy Hard Candy 1 each,https://www.sayweee.com/en/product/Beny-Locochas-Sabor-Chamoy-Hard-Candy/82478,$3.89 ,,$3.89/each,,,Mexico,
Fujiya Peko Crunch Milk Candy  1.8 oz,https://www.sayweee.com/en/product/Fujiya-Peko-Crunch-Milk-Candy-/25237,$2.99 ,100+ Sold,$1.66/oz,,-4,Japan,
Lucas Salsagheti Mango 10.2 oz,https://www.sayweee.com/en/product/Lucas-Salsagheti-Mango/81936,$5.19 ,,$0.50/oz,,-3,United States,LUCAS
"Aerbeise Candy, Caramel Flavor 150 g",https://www.sayweee.com/en/product/Aerbeise-Candy--Caramel-Flavor/40147,$4.79 ,50+ Sold,$0.03/g,,-1,Mainland China,
Gummy Candy Cola Flavor 5 Bags Per Pack 100 g,https://www.sayweee.com/en/product/Gummy-Candy-Cola-Flavor-5-Bags-Per-Pack/86909,$2.49 ,200+ Sold,,New,-1,Mainland China,
Morinaga Hi-Chew Original Mix 3.53 oz,https://www.sayweee.com/en/product/Morinaga-Hi-Chew-Original-Mix/83121,$2.19 ,50+ Sold,$0.62/oz,,-9,,
Orihiro Jelly Apple and Orange Flavors 12pcs 240 g,https://www.sayweee.com/en/product/Orihiro-Jelly-Apple-and-Orange-Flavors-12pcs/84250,$4.90 ,200+ Sold,,,,Japan,
Fibisco Choco Crunchies 200 g,https://www.sayweee.com/en/product/Fibisco-Choco-Crunchies/3518,$3.19 ,,,,-4,Philippines,Fibisco
Mauduoli Tamarind Gummy 128 g,https://www.sayweee.com/en/product/Mauduoli-Tamarind-Gummy/43025,$3.99 ,50+ Sold,$0.03/g,,-1,Mainland China,
Milkita Tropical Shake Candy 4.23 oz,https://www.sayweee.com/en/product/Milkita-Tropical-Shake-Candy/35644,$2.99 ,50+ Sold,$0.70/oz,,-3,Indonesia,
"Ricolino Duvalín Candy, Vanilla And Strawberry 18 count",https://www.sayweee.com/en/product/Ricolino-Duval--n-Candy--Vanilla-And-Strawberry/86937,$3.69 ,,$0.20/count,New,,Mexico,
Konjac jelly drink peach flavor 130 g,https://www.sayweee.com/en/product/Konjac-jelly-drink-peach-flavor/85106,$1.69 ,100+ Sold,,,,Mainland China,
Lot 100 Brand Assorted Gummy Candy 150 g,https://www.sayweee.com/en/product/Lot-100-Brand-Assorted-Gummy-Candy/83339,$2.99 ,50+ Sold,,,-1,Malaysia,
U Kiss Mango Flavored Ice Cream Jelly  480 g,https://www.sayweee.com/en/product/U-Kiss-Mango-Flavored-Ice-Cream-Jelly-/83213,$4.39 ,50+ Sold,,,-1,Mainland China,U kiss
"Ricolino Duvalín Candy, Strawberry and Hazelnut 9.52 oz",https://www.sayweee.com/en/product/Ricolino-Duvaln-Candy-Strawberry-and-Hazelnut/76692,$3.19 ,,$0.33/oz,,-3,Mexico,Ricolino
Orihiro 0kcal Jelly Honey Lemon 130 g,https://www.sayweee.com/en/product/Orihiro-0kcal-Jelly-Honey-Lemon/84252,$2.99 ,100+ Sold,,,-1,Japan,
Milk Candy Stick (Milk Flavor) 128 g,https://www.sayweee.com/en/product/Milk-Candy-Stick--Milk-Flavor-/84911,$4.89 ,200+ Sold,$0.03/g,New,,Mainland China,
Jack 'N Jill X.O. Coffee Candy 190 g,https://www.sayweee.com/en/product/Jack--N-Jill-X-O--Coffee-Candy/89162,$1.69 ,50+ Sold,,10% Off,-5,Philippines,JACK 'n JILL
Milkita Creamy Shake Lollipop Assorted 4.23 oz,https://www.sayweee.com/en/product/Milkita-Creamy-Shake-Lollipop-Assorted/35642,$4.29 ,,$1.01/oz,,-2,Indonesia,
"Cherry Grandfather Handmade Nougat, Strawberry 100 g",https://www.sayweee.com/en/product/Cherry-Grandfather-Handmade-Nougat--Strawberry/6947,$8.29 ,,$0.08/g,,-5,Taiwan,
"Aji Konjac Jelly, Lychee and Pineapple Flavor 260 g",https://www.sayweee.com/en/product/Aji-Konjac-Jelly--Lychee-and-Pineapple-Flavor/7205,$5.19 ,100+ Sold,,,-1,Mainland China,AJI
American Best Pineapple Candy Curled  7 oz,https://www.sayweee.com/en/product/American-Best-Pineapple-Candy-Curled-/85629,$2.99 ,,$0.42/oz,New,,Vietnam,
Jack & Jill Maxx Candy Extra Strength 7 oz,https://www.sayweee.com/en/product/Jack---Jill-Maxx-Candy-Extra-Strength/85684,$1.69 ,50+ Sold,$0.24/oz,,,Philippines,JACK 'n JILL
Hongmao Durain Candy 350 g,https://www.sayweee.com/en/product/Hongmao-Durain-Candy/84945,$5.09 ,50+ Sold,,,,Mainland China,
Indy Dedos Spicy and Sour Candy 1 box,https://www.sayweee.com/en/product/Indy-Dedos-Spicy-and-Sour-Candy/82480,$2.19 ,,$2.19/box,,,Mexico,
Sonrics Rockaleta Chili Lollipops 16.9 oz,https://www.sayweee.com/en/product/Sonrics-Rockaleta-Chili-Lollipops/81970,$7.49 ,,$0.44/oz,,-1,United States,
Dragonfly Jelly Cups Cow Jar  24.6 oz,https://www.sayweee.com/en/product/Dragonfly-Jelly-Cups-Cow-Jar-/48653,$9.39 ,,$0.38/oz,10% Off,-1,Mainland China,Dragonfly
YUMEI Rice Jelly (Brown Sugar Flavor) 240 g,https://www.sayweee.com/en/product/YUMEI-Rice-Jelly--Brown-Sugar-Flavor-/16968,$3.39 ,300+ Sold,,,-16,Mainland China,YUMEI
Orihiro 0kcal Jelly Apple Drink 130 g,https://www.sayweee.com/en/product/Orihiro-0kcal-Jelly-Apple-Drink/18927,$2.99 ,50+ Sold,,,-1,Japan,
"De La Rosa Strawberry and Vanilla Marshmallows, Giant Size 14.5 oz",https://www.sayweee.com/en/product/De-La-Rosa-Strawberry-and-Vanilla-Marshmallows--Giant-Size/71658,$2.19 ,50+ Sold,$0.15/oz,,-11,Mexico,De La Rosa
Hsufuchi Assorted Peanut Crispy Candy Bucket 600 g,https://www.sayweee.com/en/product/Hsufuchi-Assorted-Peanut-Crispy-Candy-Bucket/50190,$15.19 ,,,5% Off,-1,Mainland China,HSUFUCHI
"Lotte Malang Milky Chewy Cow Candy, Multi Small Packs Inside 158 g",https://www.sayweee.com/en/product/Lotte-Malang-Milky-Chewy-Cow-Candy--Multi-Small-Packs-Inside/29486,$6.79 ,,$0.04/g,15% Off,-2,South Korea,Lotte
Bitter Chocolate 172 g,https://www.sayweee.com/en/product/Bitter-Chocolate/42143,$9.99 ,50+ Sold,$0.05/g,,-8,Japan,
Alpenliebe Mix Flavored Lollipop 200 g,https://www.sayweee.com/en/product/Alpenliebe-Mix-Flavored-Lollipop/47504,$4.59 ,200+ Sold,,,-5,Mainland China,
Pearl Milk Tea Candy 108 g,https://www.sayweee.com/en/product/Pearl-Milk-Tea-Candy/84948,$4.19 ,,$0.03/g,,,Mainland China,
Beny Locochas Sabor Sandia Watermelon Hard Candy  1 each,https://www.sayweee.com/en/product/Beny-Locochas-Sabor-Sandia-Watermelon-Hard-Candy-/82476,$3.89 ,,$3.89/each,,,Mexico,
Konjac jelly drink grape flavor 130 g,https://www.sayweee.com/en/product/Konjac-jelly-drink-grape-flavor/85105,$1.69 ,100+ Sold,,,,Mainland China,
Fujiya Pop Candy 4.34 oz,https://www.sayweee.com/en/product/Fujiya-Pop-Candy/92058,$2.89 ,1 Left,$0.66/oz,,-10,Japan,
"Aji Konjac Jelly, Passion Fruit and Grape Flavor 260 g",https://www.sayweee.com/en/product/Aji-Konjac-Jelly--Passion-Fruit-and-Grape-Flavor/7206,$4.99 ,50+ Sold,,,-1,Mainland China,AJI
Orihiro 0kcal Jelly Orange Flavor 130 g,https://www.sayweee.com/en/product/Orihiro-0kcal-Jelly-Orange-Flavor/84251,$2.99 ,50+ Sold,,,,Japan,
Gummy Candy Peach Flavor 5 Bags Per Pack 23 g,https://www.sayweee.com/en/product/Gummy-Candy-Peach-Flavor-5-Bags-Per-Pack/86907,$2.49 ,500+ Sold,$0.10/g,New,,Mainland China,
GOGOFUN Peach Flavored Jelly 165 g,https://www.sayweee.com/en/product/GOGOFUN-Peach-Flavored-Jelly/40081,$3.09 ,,,,-2,Mainland China,
Nobel Otoko Ume Candy 80 g,https://www.sayweee.com/en/product/Nobel-Otoko-Ume-Candy/77646,$3.49 ,,$0.04/g,,-4,Japan,Nobel
Rongshing Crisp Candy 200 g,https://www.sayweee.com/en/product/Rongshing-Crisp-Candy/84937,$5.09 ,,,,,Mainland China,
Shengkui Hawthorn Roll 90 g,https://www.sayweee.com/en/product/Shengkui-Hawthorn-Roll/48297,$2.49 ,,,,,Mainland China,
Jack 'N Jill Maxx Honey Mansi Menthol Candy  7.5 oz,https://www.sayweee.com/en/product/Jack--N-Jill-Maxx-Honey-Mansi-Menthol-Candy-/15677,$1.49 ,,$0.19/oz,11% Off,-3,Philippines,JACK 'n JILL
Jack 'N Jill Maxx Honey Lemon Menthol Candy 7.05 oz,https://www.sayweee.com/en/product/Jack--N-Jill-Maxx-Honey-Lemon-Menthol-Candy/15792,$1.49 ,,$0.21/oz,11% Off,-7,Philippines,JACK 'n JILL
Lianggao Well Rice Cake with Brown Sugar Syrup 240 g,https://www.sayweee.com/en/product/Lianggao-Well-Rice-Cake-with-Brown-Sugar-Syrup/11449,$1.79 ,,,,-9,Mainland China,
UHA Salted Red Beans Candy  109 g,https://www.sayweee.com/en/product/UHA-Salted-Red-Beans-Candy-/37701,$2.99 ,,,,-3,Japan,
"Cherry Grandfather Handmade Nougat, Coffee Flavor  100 g",https://www.sayweee.com/en/product/Cherry-Grandfather-Handmade-Nougat--Coffee-Flavor-/6946,$6.50 ,,$0.06/g,,-4,Taiwan,
"Aji Kojac Jelly, Peach and Mango Flavor 260 g",https://www.sayweee.com/en/product/Aji-Kojac-Jelly--Peach-and-Mango-Flavor/7204,$4.99 ,100+ Sold,,,,Mainland China,AJI
Snak Club Sour Gummy Bears 4 oz,https://www.sayweee.com/en/product/Snak-Club-Sour-Gummy-Bears/91876,$1.99 ,,$0.49/oz,,-4,United States,Snak Club
Konjac jelly drink salty lemon flavor 130 g,https://www.sayweee.com/en/product/Konjac-jelly-drink-salty-lemon-flavor/85104,$1.69 ,,,,,Mainland China,
WENHEYOU Cinnamon Oil Candy 90 g,https://www.sayweee.com/en/product/WENHEYOU-Cinnamon-Oil-Candy/83792,$5.59 ,,$0.06/g,,-1,Mainland China,
Chayan Black Tea and Oolong Flavored Candy 32 g,https://www.sayweee.com/en/product/Chayan-Black-Tea-and-Oolong-Flavored-Candy/83796,$6.59 ,,$0.20/g,,-1,Mainland China,Chayanyuese
"U Kiss Ice Cream Flavored Jelly, Assorted Flavors 270 g",https://www.sayweee.com/en/product/U-Kiss-Ice-Cream-Flavored-Jelly--Assorted-Flavors/68008,$3.79 ,,,,-3,Mainland China,U kiss
Maoduoli Passionfruit Gummy 160 g,https://www.sayweee.com/en/product/Maoduoli-Passionfruit-Gummy/43034,$3.99 ,50+ Sold,,,-2,Mainland China,
"Big Green Hawthorn Berry Jam Cups, 12ct 540 g",https://www.sayweee.com/en/product/Big-Green-Hawthorn-Berry-Jam-Cups--12ct/99594,$4.49 ,50+ Sold,,,-11,Mainland China,Big Green
Madhu Chocolate Saffron Milk 45% Cacao 2.6 oz,https://www.sayweee.com/en/product/Madhu-Chocolate-Saffron-Milk-45--Cacao/20026,$8.49 ,,$3.26/oz,,-3,United States,
"Kit Kat Mini, Original Less Sugar 15pcs 5.2 oz",https://www.sayweee.com/en/product/Kit-Kat-Mini--Original-Less-Sugar-15pcs/38213,$7.59 ,,$1.45/oz,5% Off,,Japan,KIT KAT
Morozoff Chocolate 8 Pieces 60 g,https://www.sayweee.com/en/product/Morozoff-Chocolate-8-Pieces/86621,$14.99 ,50+ Sold,$0.24/g,New,-1,Japan,
Jans Milk Chewy Candy Melon Flavor 4.2 oz,https://www.sayweee.com/en/product/Jans-Milk-Chewy-Candy-Melon-Flavor/42910,$1.69 ,,$0.40/oz,,-6,Indonesia,
Hawaiian Host Island Macs Milk Chocolate 5 oz,https://www.sayweee.com/en/product/Hawaiian-Host-Island-Macs-Milk-Chocolate/44634,$7.99 ,,$1.59/oz,,-2,United States,Hawaiian Host
U Kiss Vanilla Ice Cream Flavored Jelly Cups  480 g,https://www.sayweee.com/en/product/U-Kiss-Vanilla-Ice-Cream-Flavored-Jelly-Cups-/83214,$4.39 ,,,,,Mainland China,U kiss
U Kiss Vanilla Ice Cream Flavored Jelly Cups  480 g,https://www.sayweee.com/en/product/U-Kiss-Vanilla-Ice-Cream-Flavored-Jelly-Cups-/83214,$4.39 ,,,,,Mainland China,U kiss
Taimatsu Mango Pudding 500 g,https://www.sayweee.com/en/product/Taimatsu-Mango-Pudding/85359,$4.39 ,50+ Sold,,5% Off,-5,Japan,
Peanut Nougat Candy 328 g,https://www.sayweee.com/en/product/Peanut-Nougat-Candy/48522,$7.99 ,,,New,-1,Mainland China,
Gummy Candy Multi Flavor 200 g,https://www.sayweee.com/en/product/Gummy-Candy-Multi-Flavor/86903,$4.99 ,200+ Sold,,New,,Mainland China,WANT WANT
Gummy Candy Strawberry Flavor 5 Bags Per Pack 100 g,https://www.sayweee.com/en/product/Gummy-Candy-Strawberry-Flavor-5-Bags-Per-Pack/86905,$2.49 ,200+ Sold,,New,,Mainland China,
"Chomis Gomis Sandillitas Locas Candy, Watermelon Flavor 8 oz",https://www.sayweee.com/en/product/Chomis-Gomis-Sandillitas-Locas-Candy--Watermelon-Flavor/6751,$6.29 ,,$0.78/oz,,,United States,Chomis Gomis
"Chungjungone O'Food Drinking Vinegar with Konjac Jelly, Pomegranate Flavor 900 g",https://www.sayweee.com/en/product/Chungjungone-O-Food-Drinking-Vinegar-with-Konjac-Jelly--Pomegranate-Flavor/23200,$12.99 ,,,,-1,South Korea,Chung Jung One
Tangsan Black Crispy Sesame Candy 8 oz,https://www.sayweee.com/en/product/Tangsan-Black-Crispy-Sesame-Candy/44860,$4.99 ,,$0.62/oz,,,Taiwan,
White Crispy Sesame Candy 6 oz,https://www.sayweee.com/en/product/White-Crispy-Sesame-Candy/44865,$4.49 ,,$0.74/oz,,-1,Taiwan,
Rongshing Corn Candy 300 g,https://www.sayweee.com/en/product/Rongshing-Corn-Candy/84936,$3.89 ,,,,,Mainland China,
Shunlong Milk Candy 280 g,https://www.sayweee.com/en/product/Shunlong-Milk-Candy/84946,$4.89 ,,,,-1,Mainland China,
Hualisha Assorted Hard Candy 600 g,https://www.sayweee.com/en/product/Hualisha-Assorted-Hard-Candy/85166,$7.69 ,,,,,Mainland China,
Hualisha Dragon Crisp Candy 300 g,https://www.sayweee.com/en/product/Hualisha-Dragon-Crisp-Candy/85167,$4.99 ,,,,,Mainland China,
CHUNGUANG Hainan Specialty Coconut Sticky Jelly  200 g,https://www.sayweee.com/en/product/CHUNGUANG-Hainan-Specialty-Coconut-Sticky-Jelly-/99019,$4.49 ,,,,-5,Mainland China,
"Ren Ren He Tea Jelly, Honey Grapefruit Flavor 320 g",https://www.sayweee.com/en/product/Ren-Ren-He-Tea-Jelly--Honey-Grapefruit-Flavor/51214,$4.29 ,,,,,Mainland China,
Frankford Milk Chocolate Gold Coins 1.23 oz,https://www.sayweee.com/en/product/Frankford-Milk-Chocolate-Gold-Coins/53608,$1.49 ,100+ Sold,$1.21/oz,,-10,Israel,
"Yili Milk Flakes, Strawberry Flavor 160 g",https://www.sayweee.com/en/product/Yili-Milk-Flakes--Strawberry-Flavor/8846,$5.99 ,50+ Sold,$0.03/g,,-12,Mainland China,
Black Sesame Pill 108 g,https://www.sayweee.com/en/product/Black-Sesame-Pill/25328,$9.99 ,"50+ Sold,1 Left",$0.09/g,,-3,Mainland China,
Choki Choki Chococashew Snack 200 g,https://www.sayweee.com/en/product/-Choki-Choki-Chococashew-Snack/24214,$19.90 ,,$0.09/g,,,Indonesia,Choki Choki
Chomis Gomis Mangitos Locos Mango Candy  8 oz,https://www.sayweee.com/en/product/Chomis-Gomis-Mangitos-Locos-Mango-Candy-/6747,$6.29 ,,$0.78/oz,,,United States,Chomis Gomis
Gummy Candy Pineapple Flavor 5 Bags Per Pack 100 g,https://www.sayweee.com/en/product/Gummy-Candy-Pineapple-Flavor-5-Bags-Per-Pack/86904,$2.49 ,300+ Sold,,New,,Mainland China,
Mary's Chocolate Advent Calendar 200 g,https://www.sayweee.com/en/product/Mary-s-Chocolate-Advent-Calendar/80407,$29.49 ,,$0.14/g,,-6,Japan,
American Best Ginger Strip Candy 12.3 oz,https://www.sayweee.com/en/product/American-Best-Ginger-Strip-Candy/85617,$7.99 ,,$0.64/oz,,,Vietnam,
Milk Candy Stick Yogurt Flavor 128 g,https://www.sayweee.com/en/product/Milk-Candy-Stick-Yogurt-Flavor/84905,$4.89 ,100+ Sold,$0.03/g,New,,Mainland China,
Milk Candy Stick(Prebiotics Flavor) 128 g,https://www.sayweee.com/en/product/Milk-Candy-Stick-Prebiotics-Flavor-/84906,$4.89 ,50+ Sold,$0.03/g,New,,Mainland China,
Argao Guilang Tableya (Cacao Tablets) 330 g,https://www.sayweee.com/en/product/Argao-Guilang-Tableya--Cacao-Tablets-/86288,$9.99 ,,$0.03/g,New,,Philippines,
Queen Mani Choco Peanut Bar 336 g,https://www.sayweee.com/en/product/Queen-Mani-Choco-Peanut-Bar/86374,$2.99 ,,,,,Philippines,
Madhu Chocolate Dark Masala Chai 60% Cacao 2.6 oz,https://www.sayweee.com/en/product/Madhu-Chocolate-Dark-Masala-Chai-60--Cacao/20025,$8.49 ,,$3.26/oz,,-1,United States,
"LYFEN QQ Jelly, Original Flavor  150 g",https://www.sayweee.com/en/product/LYFEN-QQ-Jelly--Original-Flavor-/44861,$1.49 ,,,,-2,Mainland China,LYFEN
MN Yogurt Cubes Almond 42 g,https://www.sayweee.com/en/product/MN-Yogurt-Cubes-Almond/30749,$7.59 ,,$0.18/g,15% Off,-1,Mainland China,
Ritz Color Chocolate Sprinkles 300 g,https://www.sayweee.com/en/product/Ritz-Color-Chocolate-Sprinkles/3904,$7.59 ,,,5% Off,-2,Indonesia,Ritz
Hawthorn Syrup Lollipop 12ct 1 can,https://www.sayweee.com/en/product/Hawthorn-Syrup-Lollipop-12ct/67672,$6.69 ,,$6.69/can,25% Off,-2,Mainland China,
"Tarami Big Jelly Cup, Mixed Fruit 8.11 oz",https://www.sayweee.com/en/product/Tarami-Big-Jelly-Cup--Mixed-Fruit/66107,$2.99 ,50+ Sold,$0.36/oz,,-1,Japan,Tarami
Karila Chocolate Flower Ball Random Color  40 g,https://www.sayweee.com/en/product/Karila-Chocolate-Flower-Ball-Random-Color-/86511,$8.99 ,200+ Sold,$0.22/g,,-3,Estonia,
Royce 2020 Memories of Hokkaido Spring Season Chocolates 40ct 1 each,https://www.sayweee.com/en/product/Royce-2020-Memories-of-Hokkaido-Spring-Season-Chocolates-40ct/8838,$39.99 ,,$39.99/each,New,-8,Japan,
Sugar and Spice Taiwanese Classic Nougats 400 g,https://www.sayweee.com/en/product/Sugar-and-Spice-Taiwanese-Classic-Nougats/33609,$33.49 ,,$0.08/g,,-24,Taiwan,
"Shirakiku Jelly Cup, Peach Flavor 2ct 200 g",https://www.sayweee.com/en/product/Shirakiku-Jelly-Cup--Peach-Flavor-2ct/75348,$3.49 ,50+ Sold,,,-13,,
"Top Savor Ice Cream Flavored Jelly, Strawberry 198 g",https://www.sayweee.com/en/product/Top-Savor-Ice-Cream-Flavored-Jelly--Strawberry/79336,$2.59 ,,,,,Mainland China,
Orihiro Konjac Jelly Peach Flavor 6 pcs 120 g,https://www.sayweee.com/en/product/Orihiro-Konjac-Jelly-Peach-Flavor-6-pcs/2225,$2.99 ,50+ Sold,,,-54,Japan,ORIHIRO
"Petit Pot Organic French Pudding, Vanilla Bean Flavor  3.5 oz",https://www.sayweee.com/en/product/Petit-Pot-Organic-French-Pudding--Vanilla-Bean-Flavor-/1372,$2.99 ,,$0.85/oz,,,United States,
"Petit Pot Organic French Pudding, Dark Chocolate Flavor  3.5 oz",https://www.sayweee.com/en/product/Petit-Pot-Organic-French-Pudding--Dark-Chocolate-Flavor-/1375,$2.99 ,,$0.85/oz,,,United States,
AIZA'S PASTILLAS UBE  133 g,https://www.sayweee.com/en/product/AIZA-S-PASTILLAS-UBE-/14822,$3.99 ,,$0.03/g,,-1,Philippines,
"Konjac Strawberry Jelly, Frozen 11 oz",https://www.sayweee.com/en/product/Konjac-Strawberry-Jelly-Frozen/66020,$2.99 ,,$0.27/oz,,-1,Taiwan,
Dragonfly Jelly Cup Jar Tiger Shape 24.8 oz,https://www.sayweee.com/en/product/Dragonfly-Jelly-Cup-Jar-Tiger-Shape/48655,$10.49 ,,$0.42/oz,,,Mainland China,Dragonfly
Dragonfly Boba Tea Candy 7 oz,https://www.sayweee.com/en/product/Dragonfly-Boba-Tea-Candy/84885,$3.89 ,100+ Sold,$0.55/oz,,-3,Thailand,Dragonfly
JHL Sweet and Sour Tamarind Candy with Chili 7 oz,https://www.sayweee.com/en/product/JHL-Sweet-and-Sour-Tamarind-Candy-with-Chili/87311,$2.59 ,,$0.37/oz,,,Vietnam,
Takaoka Fresh Raw Chocolate Caramel Flavor 165 g,https://www.sayweee.com/en/product/Takaoka-Fresh-Raw-Chocolate-Caramel-Flavor/85727,$9.99 ,,$0.06/g,New,,Japan,
Hawaiian Host Aloha Macs Milk Chocolate 7 oz,https://www.sayweee.com/en/product/Hawaiian-Host-Aloha-Macs-Milk-Chocolate/44635,$11.29 ,,$1.61/oz,,-2,United States,Hawaiian Host
Maiko Matcha Chocolate Ball 4.23 oz,https://www.sayweee.com/en/product/Maiko-Matcha-Chocolate-Ball/83875,$17.99 ,,$4.25/oz,,,Japan,
Want Want Milk Chewy 318 g,https://www.sayweee.com/en/product/Want-Want-Milk-Chewy/86902,$4.99 ,100+ Sold,,New,,Mainland China,WANT WANT
Palebola Tama-Roca Tamarind with Chili 1 each,https://www.sayweee.com/en/product/Palebola-Tama-Roca-Tamarind-with-Chili/82427,$6.49 ,,$6.49/each,,,Mexico,
Gao Liang Yi Candy Mixed Flavor 500 g,https://www.sayweee.com/en/product/Gao-Liang-Yi-Candy-Mixed-Flavor/83313,$5.19 ,100+ Sold,,,-6,Mainland China,Sheng Fu Ji
Laojinmofang Pear Paste Lollipop 56 g,https://www.sayweee.com/en/product/Laojinmofang-Pear-Paste-Lollipop/83752,$6.09 ,,$0.10/g,,,Mainland China,
Guancha Volcano Chocolates  100 g,https://www.sayweee.com/en/product/Guancha-Volcano-Chocolates-/53657,$36.99 ,,$0.36/g,,-4,Mainland China,
Gummy Candy Orange Flavor 5 Bags Per Pack 100 g,https://www.sayweee.com/en/product/Gummy-Candy-Orange-Flavor-5-Bags-Per-Pack/86906,$2.49 ,200+ Sold,,New,,Mainland China,
Strawberry Mallow Dates 110 g,https://www.sayweee.com/en/product/Strawberry-Mallow-Dates/66002,$10.99 ,,$0.09/g,,-18,United States,
Mary's Bear Collection Chocolate 10Pcs 50 g,https://www.sayweee.com/en/product/Mary-s-Bear-Collection-Chocolate-10Pcs/86303,$17.69 ,300+ Sold,$0.35/g,,-1,Japan,
LAOJIN MOFANG Black Sesame Ball 14pcs 126 g,https://www.sayweee.com/en/product/LAOJIN-MOFANG-Black-Sesame-Ball-14pcs/67144,$7.99 ,400+ Sold,$0.06/g,,-41,Mainland China,
Tarami Konnyaku Jelly Drink Peach  150 g,https://www.sayweee.com/en/product/Tarami-Konnyaku-Jelly-Drink-Peach-/160,$2.49 ,500+ Sold,,,-30,Japan,Tarami
UHA CORORO Gummi Candy - Peach 1 count,https://www.sayweee.com/en/product/UHA-CORORO-Gummi-Candy--Peach/71761,$2.89 ,200+ Sold,$2.89/count,,-8,Japan,
Meiji Gummy Choco Strawberry 81 g,https://www.sayweee.com/en/product/Meiji-Gummy-Choco-Strawberry/18980,$3.99 ,300+ Sold,$0.04/g,,-14,Mainland China,
KitKat Mini Koi Maccha 12pc 4.78 oz,https://www.sayweee.com/en/product/KitKat-Mini-Koi-Maccha-12pc/473,$8.49 ,200+ Sold,$1.77/oz,5% Off,-1,Japan,
Tarami Mango Jelly Pouch 150 g,https://www.sayweee.com/en/product/Tarami-Mango-Jelly-Pouch/83518,$2.49 ,400+ Sold,,,-20,Japan,
"UHA Kororo Gummy Candy, Cola Flavor 40 g",https://www.sayweee.com/en/product/UHA-Kororo-Gummy-Candy--Cola-Flavor/17663,$2.99 ,500+ Sold,$0.07/g,,-6,Japan,
"JiJiDou Milk Lollipop, Original Flavor 60 g",https://www.sayweee.com/en/product/JiJiDou-Milk-Lollipop--Original-Flavor/2013,$2.99 ,1K+ Sold,$0.04/g,,-83,Mainland China,JIJIDOU
"Kit Kat Mini, Whole Wheat Biscuits 4.4 oz",https://www.sayweee.com/en/product/Kit-Kat-Mini--Whole-Wheat-Biscuits/38221,$7.99 ,100+ Sold,$1.81/oz,,-13,Japan,KIT KAT
Melting Sweet Lychee Candy 4.4 oz,https://www.sayweee.com/en/product/Melting-Sweet-Lychee-Candy/20808,$2.29 ,50+ Sold,$0.52/oz,,-5,Indonesia,
Tonys Freeze Dried Whole Strawberry in Matcha Flavor  60 g,https://www.sayweee.com/en/product/Tonys-Freeze-Dried-Whole-Strawberry-in-Matcha-Flavor-/24626,$2.99 ,50+ Sold,$0.04/g,,-8,Mainland China,
Tarami Big White Jelly Cup 5.2 oz,https://www.sayweee.com/en/product/Tarami-Big-White-Jelly-Cup/66116,$2.99 ,400+ Sold,$0.57/oz,,-21,Japan,Tarami
Kimbo Fresh Grass Jelly 1000 g,https://www.sayweee.com/en/product/Kimbo-Fresh-Grass-Jelly/17960,$4.29 ,50+ Sold,,,-39,Taiwan,
"ORIHIRO Jelly Peach, Mango, and Red Grape Flavor 6pcs 480 g",https://www.sayweee.com/en/product/ORIHIRO-Jelly-Peach--Mango--and-Red-Grape-Flavor-6pcs/13082,$8.99 ,200+ Sold,,,-17,Japan,ORIHIRO
JiJiDou Milk Lollipop with Probiotics 60 g,https://www.sayweee.com/en/product/JiJiDou-Milk-Lollipop-with-Probiotics/1813,$2.99 ,700+ Sold,$0.04/g,,-78,Mainland China,JIJIDOU
"Orihiro Jelly, Pear Flavor 6pcs 120 g",https://www.sayweee.com/en/product/Orihiro-Jelly--Pear-Flavor-6pcs/79396,$3.09 ,300+ Sold,,,-4,Japan,ORIHIRO
"Tarami Konnyaku Jelly Drink, Apple Flavor  150 g",https://www.sayweee.com/en/product/Tarami-Konnyaku-Jelly-Drink--Apple-Flavor-/162,$1.49 ,400+ Sold,,40% Off,-17,Japan,Tarami
Milkita Milky Creamy Fruit Lollipop Mix 4.06 oz,https://www.sayweee.com/en/product/Milkita-Milky-Creamy-Fruit-Lollipop-Mix/73305,$2.59 ,50+ Sold,$0.63/oz,,-13,Indonesia,
"Milkita Milky Creamy Candy, Neopolitan Mix 4.23 oz",https://www.sayweee.com/en/product/Milkita-Milky-Creamy-Candy--Neopolitan-Mix/73310,$2.49 ,,$0.58/oz,,-5,Indonesia,
Dragonfly Mixed Fruit Flavored Pudding 6pk 27.5 oz,https://www.sayweee.com/en/product/Dragonfly-Mixed-Fruit-Flavored-Pudding-6pk/32517,$3.49 ,,$0.12/oz,,-1,Malaysia,Dragon Fly
Classic Series Guava Hard Candy 350 g,https://www.sayweee.com/en/product/Classic-Series-Guava-Hard-Candy/3412,$2.29 ,,,,-7,Mainland China,Classic Series
"Clever Mama Milk Pudding, Strawberry Flavor 15 oz",https://www.sayweee.com/en/product/Clever-Mama-Milk-Pudding--Strawberry-Flavor/33875,$5.59 ,,$0.37/oz,,-1,Taiwan,
"Aerbeise Candy, Strawberry Flavor 150 g",https://www.sayweee.com/en/product/Aerbeise-Candy--Strawberry-Flavor/5807,$4.25 ,,,,-12,Mainland China,
EGO Guava Fruit Candy  5.29 oz,https://www.sayweee.com/en/product/EGO-Guava-Fruit-Candy-/24173,$1.99 ,50+ Sold,$0.37/oz,,-7,Hong Kong,
"Yili Milk Flakes, Orange Flavor 160 g",https://www.sayweee.com/en/product/Yili-Milk-Flakes--Orange-Flavor/22686,$6.19 ,,$0.03/g,,-8,Mainland China,
White Rabbit Cream Candy 150 g,https://www.sayweee.com/en/product/White-Rabbit-Cream-Candy/70400,$4.49 ,,,,-3,Mainland China,
"Karila Chocolate Flower with Stem, Random Color 88 g",https://www.sayweee.com/en/product/Karila-Chocolate-Flower-with-Stem--Random-Color/86513,$8.99 ,50+ Sold,$0.10/g,,-2,Finland,
Dragonfly Mini Jelly Cup Jar 56 oz,https://www.sayweee.com/en/product/Dragonfly-Mini-Jelly-Cup-Jar/48652,$7.59 ,,$0.13/oz,,,Malaysia,
Orihiro Konnyaku Konjac Grape Jelly 6 pcs 120 g,https://www.sayweee.com/en/product/Orihiro-Konnyaku-Konjac-Grape-Jelly-6-pcs/142,$2.99 ,100+ Sold,,,-38,Japan,ORIHIRO
Trolli Sour Brite Eggs 4 oz,https://www.sayweee.com/en/product/Trolli-Sour-Brite-Eggs/86304,$2.59 ,50+ Sold,$0.64/oz,,,United States,
Kakao Friends Impact Mango Mints 0.53 oz,https://www.sayweee.com/en/product/Kakao-Friends-Impact-Mango-Mints/79139,$4.35 ,50+ Sold,$8.20/oz,,,Germany,
Taiwan Dessert Black Tea Nougat 100 g,https://www.sayweee.com/en/product/Taiwan-Dessert-Black-Tea-Nougat/16317,$3.49 ,50+ Sold,$0.03/g,,-33,Taiwan,
Ricoa Flat Tops 150 g,https://www.sayweee.com/en/product/Ricoa-Flat-Tops/3520,$2.99 ,,,,-3,Philippines,Ricoa
Fujiya Anpanman Lollipop  25 count,https://www.sayweee.com/en/product/Fujiya-Anpanman-Lollipop-/50681,$24.99 ,100+ Sold,$0.99/count,,-2,Japan,
