Title,Title_link,Price,count___1LWwo,unit_info___32SjE,Headline,Reviews,Orgin,Brand
"Hsia Wei Hsien Shrimp Chips, Original Flavor 60 g",https://www.sayweee.com/en/product/Hsia-Wei-Hsien-Shrimp-Chips--Original-Flavor/77432,$1.89 ,300+ Sold,$0.03/g,"Hsia Wei Hsien Shrimp Chips, Original Flavor",-54,Taiwan,
"Lay's Potato Chips, Hokkaido Cheese Flavor  1.51 oz",https://www.sayweee.com/en/product/Lay-s-Potato-Chips--Hokkaido-Cheese-Flavor-/73828,$1.99 ,300+ Sold,$1.31/oz,"Lay's Potato Chips, Hokkaido Cheese Flavor",-5,Taiwan,
"Fry Cut Potato Chips, Tomato Flavor 70 g",https://www.sayweee.com/en/product/Fry-Cut-Potato-Chips--Tomato-Flavor/31628,$3.09 ,400+ Sold,$0.04/g,"Fry Cut Potato Chips, Tomato Flavor",-2,Mainland China,
"Lay's Potato Chips, Numb and Spicy Hot Pot Flavor 70 g",https://www.sayweee.com/en/product/Lay-s-Potato-Chips--Numb-and-Spicy-Hot-Pot-Flavor/52826,$2.49 ,1K+ Sold,$0.03/g,"Lay's Potato Chips, Numb and Spicy Hot Pot Flavor",-159,Mainland China,Lay's
"Lay's Wavy Chips, Roasted Chicken Wing Flavor 70 g",https://www.sayweee.com/en/product/Lay-s-Wavy-Chips--Roasted-Chicken-Wing-Flavor/18206,$2.49 ,1K+ Sold,$0.03/g,"Lay's Wavy Chips, Roasted Chicken Wing Flavor",-249,Mainland China,
Calbee Original Baked Shrimp Chips 8 oz,https://www.sayweee.com/en/product/Calbee-Original-Baked-Shrimp-Chips/13827,$2.99 ,1K+ Sold,$0.37/oz,Calbee Original Baked Shrimp Chips,-340,Thailand,
LAY'S Potato Chips Roasted Cumin Lamb Skewer Flavor  70 g,https://www.sayweee.com/en/product/LAY-S-Potato-Chips-Roasted-Cumin-Lamb-Skewer-Flavor-/14329,$2.49 ,1K+ Sold,$0.03/g,LAY'S Potato Chips Roasted Cumin Lamb Skewer Flavor,-49,Mainland China,Lay's
Baby Star Crispy Ramen Snack Chicken Flavor 75 g,https://www.sayweee.com/en/product/Baby-Star-Crispy-Ramen-Snack-Chicken-Flavor/28505,$1.79 ,1K+ Sold,,Baby Star Crispy Ramen Snack Chicken Flavor,-50,Japan,
"Lay’s Potato Chips, Spicy Crayfish Flavor 70 g",https://www.sayweee.com/en/product/Lay---s-Potato-Chips--Spicy-Crayfish-Flavor/1528,$2.49 ,1K+ Sold,$0.03/g,"Lay’s Potato Chips, Spicy Crayfish Flavor",-161,Mainland China,
"Lay's Potato Chips, Cucumber Flavor 70 g",https://www.sayweee.com/en/product/Lays-Potato-Chips-Cucumber-Flavor/51261,$2.49 ,1K+ Sold,$0.03/g,"Lay's Potato Chips, Cucumber Flavor",-225,Mainland China,Lay's
"Calbee JagaRico Potato Sticks, Hokkaido Butter Flavor 2.05 oz",https://www.sayweee.com/en/product/Calbee-JagaRico-Potato-Sticks-Hokkaido-Butter-Flavor/15218,$1.99 ,1K+ Sold,$0.97/oz,"Calbee JagaRico Potato Sticks, Hokkaido Butter Flavor",-141,United States,
Calbee Veggie Bites 2.82 oz,https://www.sayweee.com/en/product/Calbee-Veggie-Bites/19048,$1.79 ,1K+ Sold,$0.63/oz,Calbee Veggie Bites,-58,Japan,Calbee
"Calbee JagaRico Potato Sticks, Original Flavor 2.12 oz",https://www.sayweee.com/en/product/Calbee-JagaRico-Potato-Sticks-Original-Flavor/13459,$1.99 ,1K+ Sold,$0.93/oz,"Calbee JagaRico Potato Sticks, Original Flavor",-90,Japan,
"Lay's Wave Chips, Grilled Squid Flavor 70 g",https://www.sayweee.com/en/product/Lay-s-Wave-Chips--Grilled-Squid-Flavor/6972,$2.49 ,1K+ Sold,$0.03/g,"Lay's Wave Chips, Grilled Squid Flavor",-240,Mainland China,Lay's
Haitai Honey Butter Chips  60 g,https://www.sayweee.com/en/product/Haitai-Honey-Butter-Chips-/94217,$2.99 ,1K+ Sold,$0.04/g,Haitai Honey Butter Chips,-334,South Korea,HAITAI
Nongshim Korean Shrimp Crackers 2.64 oz,https://www.sayweee.com/en/product/Nongshim-Korean-Shrimp-Crackers/94942,$1.49 ,1K+ Sold,$0.56/oz,Nongshim Korean Shrimp Crackers,-151,South Korea,Nongshim
"Cheetos, Japanese Steak Flavor 50 g",https://www.sayweee.com/en/product/Cheetos--Japanese-Steak-Flavor/32040,$1.69 ,700+ Sold,$0.03/g,"Cheetos, Japanese Steak Flavor",-104,Mainland China,
"Calbee Baked Shrimp Chips, Hot Garlic Flavor 3.3 oz",https://www.sayweee.com/en/product/Calbee-Baked-Shrimp-Chips-Hot-Garlic-Flavor/29991,$1.88 ,500+ Sold,$0.56/oz,"Calbee Baked Shrimp Chips, Hot Garlic Flavor",-89,Thailand,Calbee
Calbee Baked Onion Rings 4.94 oz,https://www.sayweee.com/en/product/Calbee-Baked-Onion-Rings/21831,$4.49 ,700+ Sold,$0.90/oz,Calbee Baked Onion Rings,-100,South Korea,
"Calbee My Pote Potato Chips, Himalayan Pink Salt Flavor  2.12 oz",https://www.sayweee.com/en/product/Calbee-My-Pote-Potato-Chips--Himalayan-Pink-Salt-Flavor-/47016,$1.49 ,700+ Sold,$0.70/oz,"Calbee My Pote Potato Chips, Himalayan Pink Salt Flavor",-51,United States,Calbee
Haitai Honey Butter Chips 120 g,https://www.sayweee.com/en/product/Haitai-Honey-Butter-Chips/32700,$4.49 ,500+ Sold,$0.03/g,Haitai Honey Butter Chips,-34,South Korea,HAITAI
LAY'S Potato Chips Roasted Fish Flavor  70 g,https://www.sayweee.com/en/product/LAY-S-Potato-Chips-Roasted-Fish-Flavor-/14330,$2.49 ,900+ Sold,$0.03/g,LAY'S Potato Chips Roasted Fish Flavor,-19,Mainland China,Lay's
Calbee Melty Cheese Pizza Potato Chips 2.54 oz,https://www.sayweee.com/en/product/Calbee-Melty-Cheese-Pizza-Potato-Chips/45254,$2.09 ,600+ Sold,$0.82/oz,Calbee Melty Cheese Pizza Potato Chips,-88,Hong Kong,Calbee
"GGE Wheat Crackers, Spicy  80 g",https://www.sayweee.com/en/product/GGE-Wheat-Crackers--Spicy-/81433,$1.99 ,700+ Sold,,"GGE Wheat Crackers, Spicy",-84,Taiwan,
Cadina All Natural Taro Chips 62 g,https://www.sayweee.com/en/product/Cadina-All-Natural-Taro-Chips/15031,$3.89 ,400+ Sold,$0.06/g,Cadina All Natural Taro Chips,-47,Taiwan,
Calbee Original Baked Shrimp Chips 4 oz,https://www.sayweee.com/en/product/Calbee-Original-Baked-Shrimp-Chips/83103,$1.88 ,300+ Sold,$0.47/oz,Calbee Original Baked Shrimp Chips,-87,Japan,Calbee
Orion Sweet Corn Flavored Turtle Chips 160 g,https://www.sayweee.com/en/product/Orion-Sweet-Corn-Flavored-Turtle-Chips/88799,$4.99 ,400+ Sold,$0.03/g,Orion Sweet Corn Flavored Turtle Chips,-177,South Korea,
Calbee Honey Butter Potato Chips 2.8 oz,https://www.sayweee.com/en/product/Calbee-Honey-Butter-Potato-Chips/29990,$2.09 ,400+ Sold,$0.74/oz,Calbee Honey Butter Potato Chips,-101,Hong Kong,Calbee
Calbee Hot and Spicy Potato Chips 7 oz,https://www.sayweee.com/en/product/Calbee-Hot-and-Spicy-Potato-Chips/45259,$4.49 ,300+ Sold,$0.64/oz,Calbee Hot and Spicy Potato Chips,-56,Hong Kong,Calbee
"Lay's Potato Chips, Seaweed Flavor 65 g",https://www.sayweee.com/en/product/Lay-s-Potato-Chips--Seaweed-Flavor/80139,$2.49 ,200+ Sold,$0.03/g,"Lay's Potato Chips, Seaweed Flavor",-12,Mainland China,Lay's
Shibuya Purple Sweet Potato Chips 100 g,https://www.sayweee.com/en/product/Shibuya-Purple-Sweet-Potato-Chips/59510,$4.49 ,200+ Sold,$0.04/g,Shibuya Purple Sweet Potato Chips,-11,Japan,
TAIYANG Sun Rice Chips Cumin Flavor 50 g,https://www.sayweee.com/en/product/TAIYANG-Sun-Rice-Chips-Cumin-Flavor/61355,$1.49 ,50+ Sold,,TAIYANG Sun Rice Chips Cumin Flavor,-36,Mainland China,
Fragrance Salted Egg Potato Sticks 70 g,https://www.sayweee.com/en/product/Fragrance-Salted-Egg-Potato-Sticks/4513,$6.49 ,,$0.09/g,Fragrance Salted Egg Potato Sticks,-48,Singapore,Fragrance
Ve Wong Little Prince Noodle Snack 300 g,https://www.sayweee.com/en/product/Ve-Wong-Little-Prince-Noodle-Snack/95583,$2.99 ,"200+ Sold,2 Left",,Ve Wong Little Prince Noodle Snack,-238,Taiwan,VE WONG
MSCHF Illegal Chips Horse Meat Flavored Chips 3 oz,https://www.sayweee.com/en/product/MSCHF-Illegal-Chips-Horse-Meat-Flavored-Chips/6095,$1.99 ,1K+ Sold,$0.66/oz,MSCHF Illegal Chips Horse Meat Flavored Chips,-116,United States,MSCHF
LAY'S Potato Chips Garlic Oyster Flavor  70 g,https://www.sayweee.com/en/product/LAY-S-Potato-Chips-Garlic-Oyster-Flavor-/14332,$2.49 ,1K+ Sold,$0.03/g,LAY'S Potato Chips Garlic Oyster Flavor,-31,Mainland China,Lay's
HAITAI Tteokbokki Rice Cake Chips  192 g,https://www.sayweee.com/en/product/HAITAI-Tteokbokki-Rice-Cake-Chips-/11130,$3.99 ,600+ Sold,,HAITAI Tteokbokki Rice Cake Chips,-16,South Korea,HAITAI
"Lay's Potato Chips, Vine Pepper Bowl Chicken Flavor 70 g",https://www.sayweee.com/en/product/Lay-s-Potato-Chips--Vine-Pepper-Bowl-Chicken-Flavor/21894,$2.69 ,900+ Sold,$0.03/g,"Lay's Potato Chips, Vine Pepper Bowl Chicken Flavor",-7,Mainland China,Lay's
"Koikeya Karamucho Potato Chips, Hot Chili Flavor 54 g",https://www.sayweee.com/en/product/Koikeya-Karamucho-Potato-Chips--Hot-Chili-Flavor/5458,$2.49 ,700+ Sold,$0.04/g,"Koikeya Karamucho Potato Chips, Hot Chili Flavor",-56,Taiwan,
MSCHF Illegal Chips Casu Marzu Maggot Cheese Flavored Chips  3 oz,https://www.sayweee.com/en/product/MSCHF-Illegal-Chips-Casu-Marzu-Maggot-Cheese-Flavored-Chips-/6094,$1.99 ,1K+ Sold,$0.66/oz,MSCHF Illegal Chips Casu Marzu Maggot Cheese Flavored Chips,-114,United States,MSCHF
Nongshim Honey Twist Snack 2.65 oz,https://www.sayweee.com/en/product/Nongshim-Honey-Twist-Snack/86124,$1.49 ,300+ Sold,$0.56/oz,Nongshim Honey Twist Snack,-110,South Korea,Nongshim
"Umaibo Baked Corn Snack, Corn Flavor 30pcs 6.3 oz",https://www.sayweee.com/en/product/Umaibo-Baked-Corn-Snack--Corn-Flavor-30pcs/44632,$5.99 ,600+ Sold,$0.95/oz,"Umaibo Baked Corn Snack, Corn Flavor 30pcs",-3,Japan,
"Calbee My Pote Potato Chips, Onion Soup Flavor  2.12 oz",https://www.sayweee.com/en/product/Calbee-My-Pote-Potato-Chips--Onion-Soup-Flavor-/47017,$1.49 ,800+ Sold,$0.70/oz,"Calbee My Pote Potato Chips, Onion Soup Flavor",-58,United States,Calbee
"Kuai Kuai Corn Snack, Five Spice Flavor  52 g",https://www.sayweee.com/en/product/Kuai-Kuai-Corn-Snack--Five-Spice-Flavor-/15520,$1.89 ,1K+ Sold,$0.03/g,"Kuai Kuai Corn Snack, Five Spice Flavor",-57,Taiwan,Kuai Kuai
Lay's Wavy Chips Spicy Flavor 70 g,https://www.sayweee.com/en/product/Lay-s-Wavy-Chips-Spicy-Flavor/14791,$2.29 ,400+ Sold,$0.03/g,Lay's Wavy Chips Spicy Flavor,-3,Mainland China,Lay's
"Unified Raccoon Crispy Noodles, Italian Red Braised Flavor 40 g",https://www.sayweee.com/en/product/Unified-Raccoon-Crispy-Noodles--Italian-Red-Braised-Flavor/95080,$1.19 ,1K+ Sold,,"Unified Raccoon Crispy Noodles, Italian Red Braised Flavor",-8,Mainland China,
"Lay's Potato Chips,Tomato Chicken Flavor  70 g",https://www.sayweee.com/en/product/Lay-s-Potato-Chips-Tomato-Chicken-Flavor-/51262,$2.49 ,600+ Sold,$0.03/g,"Lay's Potato Chips,Tomato Chicken Flavor",-38,Mainland China,Lay's
"Little Raccoon Crispy Noodles, Roasted Wings Flavor  40 g",https://www.sayweee.com/en/product/Little-Raccoon-Crispy-Noodles--Roasted-Wings-Flavor-/34231,$1.19 ,1K+ Sold,,"Little Raccoon Crispy Noodles, Roasted Wings Flavor",-44,Mainland China,Little Raccoon
Mr. Kimchi Tofu Kimchi Snack  60 g,https://www.sayweee.com/en/product/Mr--Kimchi-Tofu-Kimchi-Snack-/35034,$1.99 ,300+ Sold,$0.03/g,Mr. Kimchi Tofu Kimchi Snack,-26,South Korea,
"Little Raccoon Crispy Noodle, Spicy Crab Flavor 40 g",https://www.sayweee.com/en/product/Little-Raccoon-Crispy-Noodle-Spicy-Crab-Flavor/34232,$1.09 ,1K+ Sold,,"Little Raccoon Crispy Noodle, Spicy Crab Flavor",-58,Mainland China,Little Raccoon
"Crown Corn Chips, Roasted Corn Flavor  148 g",https://www.sayweee.com/en/product/Crown-Corn-Chips--Roasted-Corn-Flavor-/1131,$3.79 ,200+ Sold,,"Crown Corn Chips, Roasted Corn Flavor",-14,South Korea,Crown
"Lay’s Yam Chips, Tomato Flavor 80 g",https://www.sayweee.com/en/product/Lay---s-Yam-Chips--Tomato-Flavor/3347,$2.49 ,"500+ Sold,5 Left",$0.03/g,"Lay’s Yam Chips, Tomato Flavor",-112,Mainland China,Lay's
Oishi Shrimp Flakes 80 g,https://www.sayweee.com/en/product/Oishi-Shrimp-Flakes/94620,$2.29 ,1K+ Sold,,Oishi Shrimp Flakes,-26,Mainland China,Oishi
"Very Enjoyable Brand Hong Kong-Style Fish Ball Snacks, Curry Flavor 90 g",https://www.sayweee.com/en/product/Very-Enjoyable-Brand-Hong-Kong-Style-Fish-Ball-Snacks--Curry-Flavor/37699,$3.49 ,300+ Sold,$0.03/g,"Very Enjoyable Brand Hong Kong-Style Fish Ball Snacks, Curry Flavor",-14,Mainland China,
LAY'S Potato Chips Pickle Fish Flavor  70 g,https://www.sayweee.com/en/product/LAY-S-Potato-Chips-Pickle-Fish-Flavor-/14328,$2.49 ,300+ Sold,$0.03/g,LAY'S Potato Chips Pickle Fish Flavor,-12,Mainland China,Lay's
"Lay's Deep Ridged Potato Chips, Spicy Chicken Flavor 1.4 oz",https://www.sayweee.com/en/product/Lays-Deep-Ridged-Potato-Chips-Spicy-Chicken-Flavor/73812,$1.99 ,200+ Sold,$1.42/oz,"Lay's Deep Ridged Potato Chips, Spicy Chicken Flavor",-13,Taiwan,Lay's
Lay's Potato Chips Italian Red Meat Flavor  70 g,https://www.sayweee.com/en/product/Lay-s-Potato-Chips-Italian-Red-Meat-Flavor-/31289,$2.49 ,1K+ Sold,$0.03/g,Lay's Potato Chips Italian Red Meat Flavor,-34,Mainland China,Lay's
Irvins Salted Egg Potato Chips 105 g,https://www.sayweee.com/en/product/Irvins-Salted-Egg-Potato-Chips/35367,$10.99 ,500+ Sold,$0.10/g,Irvins Salted Egg Potato Chips,-46,Singapore,IRVINS
Big Eye Original Salted Egg Yolk Shrimp Chips 70 g,https://www.sayweee.com/en/product/Big-Eye-Original-Salted-Egg-Yolk-Shrimp-Chips/9143,$5.19 ,100+ Sold,$0.07/g,Big Eye Original Salted Egg Yolk Shrimp Chips,-84,Taiwan,
"Orion Turtle Chip Churros, Choco Flavor 5.64 oz",https://www.sayweee.com/en/product/Orion-Turtle-Chip-Churros--Choco-Flavor/1129,$4.99 ,200+ Sold,$0.88/oz,"Orion Turtle Chip Churros, Choco Flavor",-16,South Korea,
"Irvins Salted Egg Potato Chips, Spicy 105 g",https://www.sayweee.com/en/product/Irvins-Salted-Egg-Potato-Chips--Spicy/35368,$10.99 ,300+ Sold,$0.10/g,"Irvins Salted Egg Potato Chips, Spicy",-25,Singapore,IRVINS
"Calbee My Pote Potato Chips, Garlic Herb Butter Flavor 60 g",https://www.sayweee.com/en/product/Calbee-My-Pote-Potato-Chips--Garlic-Herb-Butter-Flavor/82695,$1.49 ,300+ Sold,,"Calbee My Pote Potato Chips, Garlic Herb Butter Flavor",-2,United States,Calbee
Calbee Jagabee Chips Lightly Salted 4 oz,https://www.sayweee.com/en/product/Calbee-Jagabee-Chips-Lightly-Salted/34581,$3.49 ,"200+ Sold,15 Left",$0.87/oz,Calbee Jagabee Chips Lightly Salted,-33,Japan,Calbee
Calbee Hot & Spicy Potato Chips 80 g,https://www.sayweee.com/en/product/Calbee-Hot--Spicy-Potato-Chips/28663,$1.99 ,100+ Sold,,Calbee Hot & Spicy Potato Chips,-42,Japan,Calbee
Calbee Seaweed and Salt Potato Chips 7 oz,https://www.sayweee.com/en/product/Calbee-Seaweed-and-Salt-Potato-Chips/45255,$4.49 ,200+ Sold,$0.64/oz,Calbee Seaweed and Salt Potato Chips,-32,Mainland China,Calbee
NONGSHIM Gochujang Flavor Shrimp Crackers 75 g,https://www.sayweee.com/en/product/NONGSHIM-Gochujang-Flavor-Shrimp-Crackers/28771,$1.69 ,100+ Sold,,NONGSHIM Gochujang Flavor Shrimp Crackers,-7,South Korea,Nongshim
"Baby Star Wide Ramen Snack, Chicken Flavor Big Pack 185 g",https://www.sayweee.com/en/product/Baby-Star-Wide-Ramen-Snack--Chicken-Flavor-Big-Pack/18977,$3.99 ,300+ Sold,,"Baby Star Wide Ramen Snack, Chicken Flavor Big Pack",-14,Taiwan,
Aishang Mimi Shrimp Flavored Chips 180 g,https://www.sayweee.com/en/product/Aishang-Mimi-Shrimp-Flavored-Chips/95075,$2.29 ,300+ Sold,,Aishang Mimi Shrimp Flavored Chips,-181,Mainland China,AISHANG
"Hongtu Crispy Yam Chips, Tomato Flavor  90 g",https://www.sayweee.com/en/product/Hongtu-Crispy-Yam-Chips--Tomato-Flavor-/58293,$2.49 ,300+ Sold,,"Hongtu Crispy Yam Chips, Tomato Flavor",-14,Mainland China,
"Crusty's Salmon Fish Skin Chips, Truffle Flavor 100 g",https://www.sayweee.com/en/product/Crustys-Salmon-Fish-Skin-Chips-Truffle-Flavor/69388,$7.59 ,,$0.07/g,"Crusty's Salmon Fish Skin Chips, Truffle Flavor",-15,Singapore,Crusty's
"Kettle Brand Potato Chips, Jalapeno Flavor 8.5 oz",https://www.sayweee.com/en/product/Kettle-Brand-Potato-Chips--Jalapeno-Flavor/47732,$4.49 ,50+ Sold,$0.52/oz,"Kettle Brand Potato Chips, Jalapeno Flavor",-6,United States,
"Calbee Jagabee Fry Cut Potato Crisps, Ketchup Flavor 3pk 3.18 oz",https://www.sayweee.com/en/product/Calbee-Jagabee-Fry-Cut-Potato-Crisps--Ketchup-Flavor-3pk/30224,$3.79 ,200+ Sold,$1.19/oz,"Calbee Jagabee Fry Cut Potato Crisps, Ketchup Flavor 3pk",-11,South Korea,Calbee
"Shibuya Sweet Potato Sticks, Original 5.11 oz",https://www.sayweee.com/en/product/Shibuya-Sweet-Potato-Sticks--Original/59495,$4.49 ,100+ Sold,$0.87/oz,"Shibuya Sweet Potato Sticks, Original",-8,Japan,
Steak Flavor Rice Crisps 210 g,https://www.sayweee.com/en/product/Steak-Flavor-Rice-Crisps/65747,$3.49 ,1K+ Sold,,Steak Flavor Rice Crisps,-72,Mainland China,
Oishi Tomato Flavor Potato Chips 80 g,https://www.sayweee.com/en/product/Oishi-Tomato-Flavor-Potato-Chips/28224,$2.99 ,200+ Sold,$0.03/g,Oishi Tomato Flavor Potato Chips,-2,Mainland China,Oishi
Spicy Millet Crisp 50 g,https://www.sayweee.com/en/product/Spicy-Millet-Crisp/74904,$0.99 ,700+ Sold,,Spicy Millet Crisp,-35,Mainland China,
Orion Turtle Chip Injeolmi Large 160 g,https://www.sayweee.com/en/product/Orion-Turtle-Chip-Injeolmi-Large/27265,$4.99 ,50+ Sold,$0.03/g,Orion Turtle Chip Injeolmi Large,-6,South Korea,
"Harvest Snaps Green Pea Snack Crisps, Original 3.3 oz",https://www.sayweee.com/en/product/Harvest-Snaps-Green-Pea-Snack-Crisps-Original/51359,$2.29 ,200+ Sold,$0.69/oz,"Harvest Snaps Green Pea Snack Crisps, Original",-19,United States,
Aishang Spicy Mimi Shrimp Crayfish Flavor Chips 180 g,https://www.sayweee.com/en/product/Aishang-Spicy-Mimi-Shrimp-Crayfish-Flavor-Chips/1235,$2.99 ,"50+ Sold,3 Left",,Aishang Spicy Mimi Shrimp Crayfish Flavor Chips,-70,Mainland China,AISHANG
Calbee Kettle Chips Black Pepper 5.29 oz,https://www.sayweee.com/en/product/Calbee-Kettle-Chips-Black-Pepper/23507,$3.99 ,300+ Sold,$0.75/oz,Calbee Kettle Chips Black Pepper,-8,Japan,Calbee
Calbee Hokkaido Jaga Pokkuru Premium Potato Chips 10ct 180 g,https://www.sayweee.com/en/product/Calbee-Hokkaido-Jaga-Pokkuru-Premium-Potato-Chips-10ct/58314,$19.99 ,500+ Sold,$0.11/g,Calbee Hokkaido Jaga Pokkuru Premium Potato Chips 10ct,-112,Japan,
"Orion O!Karto Original Potato Chips, Cheese Flavor 115 g",https://www.sayweee.com/en/product/Orion-O-Karto-Original-Potato-Chips--Cheese-Flavor/88809,$3.99 ,50+ Sold,$0.03/g,"Orion O!Karto Original Potato Chips, Cheese Flavor",-41,South Korea,
Finest Thai Gourmet Fried Shrimp Crackers 100 g,https://www.sayweee.com/en/product/Finest-Thai-Gourmet-Fried-Shrimp-Crackers/69501,$3.89 ,50+ Sold,$0.03/g,Finest Thai Gourmet Fried Shrimp Crackers,-9,Thailand,
"Lay's Yam Chips, Cucumber Flavor 80 g",https://www.sayweee.com/en/product/Lay-s-Yam-Chips--Cucumber-Flavor/3346,$2.49 ,300+ Sold,$0.03/g,"Lay's Yam Chips, Cucumber Flavor",-165,Mainland China,Lay's
Calbee Jagabee Chips Lightly Salted 3.18 oz,https://www.sayweee.com/en/product/Calbee-Jagabee-Chips-Lightly-Salted/34579,$3.49 ,200+ Sold,$1.09/oz,Calbee Jagabee Chips Lightly Salted,-40,Japan,Calbee
Calbee Kettle Chips Lightly Salted 5.29 oz,https://www.sayweee.com/en/product/Calbee-Kettle-Chips-Lightly-Salted/23506,$3.99 ,100+ Sold,$0.75/oz,Calbee Kettle Chips Lightly Salted,-6,Japan,Calbee
"Bestore Egg Yolk Rice Crust, Crab Flavor 75 g",https://www.sayweee.com/en/product/Bestore-Egg-Yolk-Rice-Crust-Crab-Flavor/71733,$2.19 ,400+ Sold,,"Bestore Egg Yolk Rice Crust, Crab Flavor",-27,Mainland China,BESTORE
Lay's Max BBQ Prik Zab Zeed 1.68 oz,https://www.sayweee.com/en/product/Lay-s-Max-BBQ-Prik-Zab-Zeed/40623,$2.19 ,200+ Sold,$1.30/oz,Lay's Max BBQ Prik Zab Zeed,-5,Thailand,Lay's
"Baby Star Ramen Big Pack, Artificial Tonkotsu Flavor 5.99 oz",https://www.sayweee.com/en/product/Baby-Star-Ramen-Big-Pack--Artificial-Tonkotsu-Flavor/19491,$4.99 ,100+ Sold,$0.83/oz,"Baby Star Ramen Big Pack, Artificial Tonkotsu Flavor",-9,Taiwan,
"Panpan Wheat Crunch Snack, Spicy Chicken Flavor 105 g",https://www.sayweee.com/en/product/Panpan-Wheat-Crunch-Snack--Spicy-Chicken-Flavor/48622,$1.99 ,300+ Sold,,"Panpan Wheat Crunch Snack, Spicy Chicken Flavor",-38,Mainland China,
Oishi Tomato Potato Chips 50 g,https://www.sayweee.com/en/product/Oishi-Tomato-Potato-Chips/3788,$1.69 ,200+ Sold,$0.03/g,Oishi Tomato Potato Chips,-27,Mainland China,OISHI
Crown Jollypong Cereal Snack 168 g,https://www.sayweee.com/en/product/Crown-Jollypong-Cereal-Snack/99445,$3.49 ,100+ Sold,,Crown Jollypong Cereal Snack,-26,South Korea,
"Potato Chips, Oyster Omelet Flavor 43 g",https://www.sayweee.com/en/product/Potato-Chips--Oyster-Omelet-Flavor/77112,$2.99 ,200+ Sold,$0.06/g,"Potato Chips, Oyster Omelet Flavor",-57,Taiwan,
Liouciou Fu Wei Handmade Brown Sugar Twisted Roll 200 g,https://www.sayweee.com/en/product/Liouciou-Fu-Wei-Handmade-Brown-Sugar-Twisted-Roll/74987,$3.89 ,200+ Sold,,Liouciou Fu Wei Handmade Brown Sugar Twisted Roll,-46,Taiwan,LIOUCIOU FU WEI
Three Squirrels Rice Crust Snack  60 g,https://www.sayweee.com/en/product/Three-Squirrels-Rice-Crust-Snack-/70315,$1.99 ,300+ Sold,$0.03/g,Three Squirrels Rice Crust Snack,-39,Mainland China,THREE SQUIRRELS
"HY Cuttlefish Crackers, Original 60 g",https://www.sayweee.com/en/product/HY-Cuttlefish-Crackers--Original/4797,$2.29 ,"100+ Sold,10 Left",$0.03/g,"HY Cuttlefish Crackers, Original",-46,Taiwan,HUAYUAN
"Aishang Mimi Chips, Shrimp Flavor 800 g",https://www.sayweee.com/en/product/Aishang-Mimi-Chips-Shrimp-Flavor/99465,$6.49 ,200+ Sold,,"Aishang Mimi Chips, Shrimp Flavor",-186,Mainland China,AISHANG
Baby Star Ramen Big Pack Artificial Spicy Flavor 165 g,https://www.sayweee.com/en/product/Baby-Star-Ramen-Big-Pack-Artificial-Spicy-Flavor/18978,$4.99 ,100+ Sold,$0.03/g,Baby Star Ramen Big Pack Artificial Spicy Flavor,-4,Taiwan,
"Crusty's Salmon Fish Skin Chips, Spicy Mala Flavor 100 g",https://www.sayweee.com/en/product/Crustys-Salmon-Fish-Skin-Chips-Spicy-Mala-Flavor/69386,$7.59 ,50+ Sold,$0.07/g,"Crusty's Salmon Fish Skin Chips, Spicy Mala Flavor",-16,Singapore,Crusty's
"Pea Crackers, Sour Cream and Onion Flavor  57 g",https://www.sayweee.com/en/product/Pea-Crackers--Sour-Cream-and-Onion-Flavor-/88943,$2.99 ,100+ Sold,$0.05/g,"Pea Crackers, Sour Cream and Onion Flavor",-19,United States,LIANHWA
Nongshim Shrimp Cracker Spicy Flavor  75 g,https://www.sayweee.com/en/product/Nongshim-Shrimp-Cracker-Spicy-Flavor-/29341,$1.69 ,300+ Sold,,Nongshim Shrimp Cracker Spicy Flavor,-3,South Korea,Nongshim
Crown Caramel Corn and Peanut Snack 72 g,https://www.sayweee.com/en/product/Crown-Caramel-Corn-and-Peanut-Snack/99446,$1.39 ,400+ Sold,,Crown Caramel Corn and Peanut Snack,-25,South Korea,
"Umaibo Baked Corn Snack, Cheese Flavor 30pcs 6.3 oz",https://www.sayweee.com/en/product/Umaibo-Baked-Corn-Snack--Cheese-Flavor-30pcs/44633,$5.99 ,"600+ Sold,1 Left",$0.95/oz,"Umaibo Baked Corn Snack, Cheese Flavor 30pcs",-1,Japan,
"Pringles Potato Crisp Chips, Sour Cream and Onion 5.5 oz",https://www.sayweee.com/en/product/Pringles-Potato-Crisp-Chips--Sour-Cream-and-Onion/84235,$2.19 ,200+ Sold,$0.39/oz,"Pringles Potato Crisp Chips, Sour Cream and Onion",,United States,
Irvins Spicy Salted Egg Salmon Skin 3.7 oz,https://www.sayweee.com/en/product/Irvins-Spicy-Salted-Egg-Salmon-Skin/34331,$9.99 ,200+ Sold,$2.70/oz,Irvins Spicy Salted Egg Salmon Skin,-1,Singapore,IRVINS
Dang Coconut Crunch Thai Rice Chips  3.5 oz,https://www.sayweee.com/en/product/Dang-Coconut-Crunch-Thai-Rice-Chips-/2449,$4.49 ,200+ Sold,$1.28/oz,Dang Coconut Crunch Thai Rice Chips,-3,Thailand,
Lets Do Organic Unsweetened Toasted Coconut Flakes 7 oz,https://www.sayweee.com/en/product/Lets-Do-Organic-Unsweetened-Toasted-Coconut-Flakes/4727,$3.49 ,100+ Sold,$0.49/oz,Lets Do Organic Unsweetened Toasted Coconut Flakes,-13,United States,Let's Do Organic
Dang Sriracha Spice Thai Rice Chips  3.5 oz,https://www.sayweee.com/en/product/Dang-Sriracha-Spice-Thai-Rice-Chips-/2471,$4.49 ,50+ Sold,$1.28/oz,Dang Sriracha Spice Thai Rice Chips,-3,Thailand,
Pringles Crisp Chips Original 5.2 oz,https://www.sayweee.com/en/product/Pringles-Crisp-Chips-Original/84236,$2.19 ,100+ Sold,$0.42/oz,Pringles Crisp Chips Original,,United States,
"Williwaw Foods Crispy Salmon Skin Cracklet, Patagonian Spice 1 oz",https://www.sayweee.com/en/product/Williwaw-Foods-Crispy-Salmon-Skin-Cracklet--Patagonian-Spice/41090,$4.79 ,,$4.79/oz,"Williwaw Foods Crispy Salmon Skin Cracklet, Patagonian Spice",-3,United States,
Paqui Haunted Ghost Pepper Tortilla Chips 7 oz,https://www.sayweee.com/en/product/Paqui-Haunted-Ghost-Pepper-Tortilla-Chips/34910,$4.29 ,,$0.61/oz,Paqui Haunted Ghost Pepper Tortilla Chips,-2,United States,
"Boulder Canyon Potato Chips, Avocado Oil and Sea Salt 5.25 oz",https://www.sayweee.com/en/product/Boulder-Canyon-Potato-Chips-Avocado-Oil-and-Sea-Salt/63671,$3.69 ,50+ Sold,$0.70/oz,"Boulder Canyon Potato Chips, Avocado Oil and Sea Salt",-6,United States,BOULDER CANYON
"LOVE CORN Roasted Corn, Smoked BBQ Flavor 1.6 oz",https://www.sayweee.com/en/product/LOVE-CORN-Roasted-Corn--Smoked-BBQ-Flavor/31011,$1.99 ,,$1.24/oz,"LOVE CORN Roasted Corn, Smoked BBQ Flavor",,United States,
"Stacy's Pita Chips, Simply Naked 7.33 oz",https://www.sayweee.com/en/product/Stacys-Pita-Chips-Simply-Naked/80484,$2.49 ,50+ Sold,$0.33/oz,"Stacy's Pita Chips, Simply Naked",,United States,STACY`S
Wilde Chicken Protein Chips Himalayan Pink Salt 2.25 oz,https://www.sayweee.com/en/product/Wilde-Chicken-Protein-Chips-Himalayan-Pink-Salt/30370,$4.99 ,50+ Sold,$2.21/oz,Wilde Chicken Protein Chips Himalayan Pink Salt,-1,United States,
"Kettle Brand  Potato Chips, Backyard Barbeque Flavor 13 oz",https://www.sayweee.com/en/product/Kettle-Brand--Potato-Chips--Backyard-Barbeque-Flavor/30378,$4.99 ,,$0.38/oz,"Kettle Brand  Potato Chips, Backyard Barbeque Flavor",,United States,
Dang Original Coconut Chips 3.17oz 3.17 oz,https://www.sayweee.com/en/product/Dang-Original-Coconut-Chips-3-17oz/2476,$4.69 ,100+ Sold,$1.47/oz,Dang Original Coconut Chips 3.17oz,-2,Thailand,
Wilde Chicken Protein Chips Sea Salt  & Vinegar 2.25 oz,https://www.sayweee.com/en/product/Wilde-Chicken-Protein-Chips-Sea-Salt----Vinegar/30374,$4.79 ,,$2.12/oz,Wilde Chicken Protein Chips Sea Salt  & Vinegar,-1,United States,
JANS SALTED EGG POTATO CHIPS - ORIGINAL 3.5 oz,https://www.sayweee.com/en/product/JANS-SALTED-EGG-POTATO-CHIPS---ORIGINAL/24611,$5.29 ,200+ Sold,$1.51/oz,JANS SALTED EGG POTATO CHIPS - ORIGINAL,-2,Indonesia,
"4505 Chicharrones Pork Rinds, Jalapeño Cheddar 2.5 oz",https://www.sayweee.com/en/product/4505-Chicharrones-Pork-Rinds--Jalape--o-Cheddar/80074,$5.19 ,,$2.07/oz,"4505 Chicharrones Pork Rinds, Jalapeño Cheddar",-2,United States,
"Dorito's Mini Corn Chips, Pepper Chicken Flavor 1.9 oz",https://www.sayweee.com/en/product/Dorito-s-Mini-Corn-Chips--Pepper-Chicken-Flavor/34618,$2.49 ,100+ Sold,$1.31/oz,"Dorito's Mini Corn Chips, Pepper Chicken Flavor",-5,Taiwan,Doritos
Oishi Marty's Crackin' Salt and Vinegar Flavor 90 g,https://www.sayweee.com/en/product/Oishi-Marty-s-Crackin--Salt-and-Vinegar-Flavor/84319,$1.99 ,100+ Sold,,Oishi Marty's Crackin' Salt and Vinegar Flavor,,Philippines,
Oishi Prawn Crackers Regular 90 g,https://www.sayweee.com/en/product/Oishi-Prawn-Crackers-Regular/85536,$1.69 ,400+ Sold,,Oishi Prawn Crackers Regular,,Philippines,
MTT Brand Instant Rice Paper Snack 7 oz,https://www.sayweee.com/en/product/MTT-Brand-Instant-Rice-Paper-Snack/84566,$3.29 ,200+ Sold,$0.47/oz,MTT Brand Instant Rice Paper Snack,-2,Vietnam,
Lesli's Honey Dipped Banana Thins 100 g,https://www.sayweee.com/en/product/Lesli-s-Honey-Dipped-Banana-Thins/89201,$1.99 ,100+ Sold,,Lesli's Honey Dipped Banana Thins,-4,United States,Leslie
Orion O! Tube Jalapeno and Cheese Flavor Chip 115 g,https://www.sayweee.com/en/product/Orion-O--Tube-Jalapeno-and-Cheese-Flavor-Chip/39275,$3.99 ,50+ Sold,$0.03/g,Orion O! Tube Jalapeno and Cheese Flavor Chip,-2,South Korea,
Boy Bawang Cornick Lechon Manok Flavor  4 oz,https://www.sayweee.com/en/product/Boy-Bawang-Cornick-Lechon-Manok-Flavor-/30838,$1.29 ,50+ Sold,$0.32/oz,Boy Bawang Cornick Lechon Manok Flavor,-2,Philippines,
Jack 'N Jill Chiz Curls 55 g,https://www.sayweee.com/en/product/Jack--N-Jill-Chiz-Curls/89102,$1.69 ,50+ Sold,$0.03/g,Jack 'N Jill Chiz Curls,-1,United States,JACK 'n JILL
Elena's Original Lapid Fried Chicken Skin Chicharon 2.5 oz,https://www.sayweee.com/en/product/Elena-s-Original-Lapid-Fried-Chicken-Skin-Chicharon/13829,$3.99 ,200+ Sold,$1.59/oz,Elena's Original Lapid Fried Chicken Skin Chicharon,-9,United States,
"Marco Polo Shrimp Snacks, Barbecue Flavor 2.5 oz",https://www.sayweee.com/en/product/Marco-Polo-Shrimp-Snacks--Barbecue-Flavor/24134,$1.69 ,100+ Sold,$0.67/oz,"Marco Polo Shrimp Snacks, Barbecue Flavor",-1,United States,
Regent Cheese Balls 60 g,https://www.sayweee.com/en/product/Regent-Cheese-Balls/9872,$1.29 ,200+ Sold,,Regent Cheese Balls,-3,Philippines,Regent
Regent Snacku Vegetable Flavored Rice Crackers 60 g,https://www.sayweee.com/en/product/Regent-Snacku-Vegetable-Flavored-Rice-Crackers/9668,$1.29 ,200+ Sold,,Regent Snacku Vegetable Flavored Rice Crackers,-4,Philippines,Regent
Golden Duck Chili Crab Seaweed Tempura 102 g,https://www.sayweee.com/en/product/Golden-Duck-Chili-Crab-Seaweed-Tempura/83972,$8.99 ,100+ Sold,$0.08/g,Golden Duck Chili Crab Seaweed Tempura,-2,Singapore,
"ORION O!Tube Chips, Sweet Chili Flavor  115 g",https://www.sayweee.com/en/product/ORION-O-Tube-Chips--Sweet-Chili-Flavor-/37079,$3.49 ,50+ Sold,$0.03/g,"ORION O!Tube Chips, Sweet Chili Flavor",-1,South Korea,
"Elena's Original Lapid Fried Pork Rinds, May Laman 4 oz",https://www.sayweee.com/en/product/Elena-s-Original-Lapid-Fried-Pork-Rinds--May-Laman/13822,$7.79 ,50+ Sold,$1.94/oz,"Elena's Original Lapid Fried Pork Rinds, May Laman",-4,United States,
"Leslie's Clover Chips, Cheese Flavor 145 g",https://www.sayweee.com/en/product/Leslie-s-Clover-Chips--Cheese-Flavor/89180,$2.69 ,200+ Sold,,"Leslie's Clover Chips, Cheese Flavor",-7,United States,Leslie
Jans Chocolate Potato Chips 3.5 oz,https://www.sayweee.com/en/product/Jans-Chocolate-Potato-Chips/40831,$4.99 ,200+ Sold,$1.42/oz,Jans Chocolate Potato Chips,-6,Indonesia,
JANS CHIPS ORIGINAL TARO CHIPS 3 oz,https://www.sayweee.com/en/product/JANS-CHIPS-ORIGINAL-TARO-CHIPS/20818,$1.99 ,50+ Sold,$0.66/oz,JANS CHIPS ORIGINAL TARO CHIPS,-1,Indonesia,
"Elena's Original Lapid Fried Pork Rinds, Vinegar Flavor 2 oz",https://www.sayweee.com/en/product/Elena-s-Original-Lapid-Fried-Pork-Rinds--Vinegar-Flavor/13824,$2.79 ,50+ Sold,$1.39/oz,"Elena's Original Lapid Fried Pork Rinds, Vinegar Flavor",-1,United States,
"Orion Turtle Chips, Sweet Corn Flavor 80 g",https://www.sayweee.com/en/product/Orion-Turtle-Chips-Sweet-Corn-Flavor/88795,$1.99 ,50+ Sold,,"Orion Turtle Chips, Sweet Corn Flavor",-74,South Korea,
Calbee Saya Snowpea Crisps  2.47 oz,https://www.sayweee.com/en/product/Calbee-Saya-Snowpea-Crisps-/83115,$1.49 ,50+ Sold,$0.60/oz,Calbee Saya Snowpea Crisps,-6,Thailand,Calbee
"Jack 'N Jill V-Cut Potato Chips, Cheese Flavor 60 g",https://www.sayweee.com/en/product/Jack--N-Jill-V-Cut-Potato-Chips--Cheese-Flavor/89119,$1.29 ,,,"Jack 'N Jill V-Cut Potato Chips, Cheese Flavor",,United States,JACK 'n JILL
Barcel Kettlez Fuego Cooked Chips Fuego 1.9 oz,https://www.sayweee.com/en/product/Barcel-Kettlez-Fuego-Cooked-Chips-Fuego/44640,$1.99 ,200+ Sold,$1.04/oz,Barcel Kettlez Fuego Cooked Chips Fuego,-1,Mexico,BIMBO
Golden Duck Salted Egg Fish Skin  105 g,https://www.sayweee.com/en/product/Golden-Duck-Salted-Egg-Fish-Skin-/83970,$8.99 ,100+ Sold,$0.08/g,Golden Duck Salted Egg Fish Skin,-2,Singapore,
"Elena's Original Lapid Fried Pork Rinds, Classic 3 oz",https://www.sayweee.com/en/product/Elena-s-Original-Lapid-Fried-Pork-Rinds--Classic/13823,$4.99 ,50+ Sold,$1.66/oz,"Elena's Original Lapid Fried Pork Rinds, Classic",,United States,
Barcel Takis Blue Heat 4 oz,https://www.sayweee.com/en/product/Barcel-Takis-Blue-Heat/91821,$1.99 ,,$0.49/oz,Barcel Takis Blue Heat,-1,Mexico,BIMBO
Oishi Baked Potato Fries Plain Salted 50 g,https://www.sayweee.com/en/product/Oishi-Baked-Potato-Fries-Plain-Salted/87158,$0.89 ,,,Oishi Baked Potato Fries Plain Salted,,Philippines,
"Leslie's Clover Chips, Ham and Cheese Flavor  145 g",https://www.sayweee.com/en/product/Leslie-s-Clover-Chips--Ham-and-Cheese-Flavor-/89187,$1.69 ,,,"Leslie's Clover Chips, Ham and Cheese Flavor",,United States,Leslie
LESLIE'S CLOVER CHIPS BBQ FLAVOR 145 g,https://www.sayweee.com/en/product/LESLIE-S-CLOVER-CHIPS-BBQ-FLAVOR/89168,$2.79 ,100+ Sold,,LESLIE'S CLOVER CHIPS BBQ FLAVOR,-4,United States,
Peacock Fish Puffcorn 40 g,https://www.sayweee.com/en/product/Peacock-Fish-Puffcorn/51211,$1.79 ,"400+ Sold,3 Left",$0.04/g,Peacock Fish Puffcorn,-1,Taiwan,
"Lay's Potato Chips, Sea Salt Flavor 65 g",https://www.sayweee.com/en/product/Lays-Potato-Chips-Sea-Salt-Flavor/80132,$2.49 ,,$0.03/g,"Lay's Potato Chips, Sea Salt Flavor",,Mainland China,Lay's
Calidad Corn Tortilla Chips  12 oz,https://www.sayweee.com/en/product/Calidad-Corn-Tortilla-Chips-/73262,$2.29 ,,$0.19/oz,Calidad Corn Tortilla Chips,-2,United States,
Barcel Takis Fuego 4 oz,https://www.sayweee.com/en/product/Barcel-Takis-Fuego/91820,$1.99 ,100+ Sold,$0.49/oz,Barcel Takis Fuego,-3,Mexico,BIMBO
Jans Sea Salt Sweet Potato Chips 3 oz,https://www.sayweee.com/en/product/Jans-Sea-Salt-Sweet-Potato-Chips/20817,$2.49 ,50+ Sold,$0.83/oz,Jans Sea Salt Sweet Potato Chips,-5,Indonesia,
"Kusuka Cassava Chips, Original  8 oz",https://www.sayweee.com/en/product/Kusuka-Cassava-Chips--Original-/3647,$3.19 ,50+ Sold,$0.39/oz,"Kusuka Cassava Chips, Original",-6,Indonesia,
"Cadina Potato Fries, Hokkaido Cheese Flavor 3.25 oz",https://www.sayweee.com/en/product/Cadina-Potato-Fries--Hokkaido-Cheese-Flavor/71121,$5.49 ,50+ Sold,$1.68/oz,"Cadina Potato Fries, Hokkaido Cheese Flavor",-1,Taiwan,
"Lay's Potato Chips, Kyushu Seaweed 1.51 oz",https://www.sayweee.com/en/product/Lays-Potato-Chips-Kyushu-Seaweed/79522,$2.29 ,100+ Sold,$1.51/oz,"Lay's Potato Chips, Kyushu Seaweed",-13,Taiwan,Lay's
"Zidi Potato Chips, Seaweed Flavor 100 g",https://www.sayweee.com/en/product/Zidi-Potato-Chips-Seaweed-Flavor/63438,$2.99 ,,,"Zidi Potato Chips, Seaweed Flavor",-8,Mainland China,Zidi
"Calbee My Pote Potato Chips, White Truffle Flavor 2.12 oz",https://www.sayweee.com/en/product/Calbee-My-Pote-Potato-Chips--White-Truffle-Flavor/87493,$2.49 ,,$1.17/oz,"Calbee My Pote Potato Chips, White Truffle Flavor",,United States,Calbee
"Jack 'N Jill Chippy, Garlic and Vinegar Flavor 110 g",https://www.sayweee.com/en/product/Jack--N-Jill-Chippy--Garlic-and-Vinegar-Flavor/89110,$0.99 ,100+ Sold,,"Jack 'N Jill Chippy, Garlic and Vinegar Flavor",-1,United States,JACK 'n JILL
Beatles Shrimp Strips Spicy Crayfish Flavor 90 g,https://www.sayweee.com/en/product/Beatles-Shrimp-Strips-Spicy-Crayfish-Flavor/39968,$4.49 ,50+ Sold,$0.04/g,Beatles Shrimp Strips Spicy Crayfish Flavor,-5,Mainland China,
"Sha Er Ge Coarse Grain Rice Crisps, Scallion Flavor 100 g",https://www.sayweee.com/en/product/Sha-Er-Ge-Coarse-Grain-Rice-Crisps--Scallion-Flavor/48298,$1.89 ,50+ Sold,,"Sha Er Ge Coarse Grain Rice Crisps, Scallion Flavor",-2,Mainland China,
Sir Norman Baker Shingaling 180 g,https://www.sayweee.com/en/product/Sir-Norman-Baker-Shingaling/84186,$2.69 ,,,Sir Norman Baker Shingaling,-1,Philippines,
Oishi Fishda Fish Kropek 80 g,https://www.sayweee.com/en/product/Oishi-Fishda-Fish-Kropek/86922,$1.99 ,100+ Sold,,Oishi Fishda Fish Kropek,,Philippines,
"Nongshim Tako Chips, Seafood Flavor Jumbo Size 286 g",https://www.sayweee.com/en/product/Nongshim-Tako-Chips--Seafood-Flavor-Jumbo-Size/29337,$5.99 ,,,"Nongshim Tako Chips, Seafood Flavor Jumbo Size",-2,South Korea,Nongshim
"Lay's Stax Potato Chips, Original Flavor  90 g",https://www.sayweee.com/en/product/Lay-s-Stax-Potato-Chips--Original-Flavor-/42353,$3.69 ,200+ Sold,$0.04/g,"Lay's Stax Potato Chips, Original Flavor",-2,Mainland China,Lay's
Calbee Salted Potato Chips Giza Giza 60 g,https://www.sayweee.com/en/product/Calbee-Salted-Potato-Chips-Giza-Giza/83741,$2.99 ,,$0.04/g,Calbee Salted Potato Chips Giza Giza,-2,Japan,
"Lay's Potato Chips, Salt & Pepper Flavor 1.51 oz",https://www.sayweee.com/en/product/Lay-s-Potato-Chips--Salt---Pepper-Flavor/34610,$2.49 ,,$1.64/oz,"Lay's Potato Chips, Salt & Pepper Flavor",,Taiwan,Lay's
Lay's Potato Chips Chestnut Flavor 90 g,https://www.sayweee.com/en/product/Lay-s-Potato-Chips-Chestnut-Flavor/33877,$3.29 ,,$0.03/g,Lay's Potato Chips Chestnut Flavor,,Mainland China,Lay's
Lobster Chips  140 g,https://www.sayweee.com/en/product/Lobster-Chips-/30883,$3.69 ,,,Lobster Chips,-2,Mainland China,
"Fry Cut Potato Chips, Steak Flavor 70 g",https://www.sayweee.com/en/product/Fry-Cut-Potato-Chips--Steak-Flavor/31629,$3.09 ,50+ Sold,$0.04/g,"Fry Cut Potato Chips, Steak Flavor",-1,Mainland China,
Mission Chicharrones Original 4 oz,https://www.sayweee.com/en/product/Mission-Chicharrones-Original/73264,$2.99 ,,$0.74/oz,Mission Chicharrones Original,-7,United States,
"Tia Lupita Cactus Grain-Free Tortilla Chips, Habanero 5 oz",https://www.sayweee.com/en/product/Tia-Lupita-Cactus-Grain-Free-Tortilla-Chips--Habanero/82472,$4.99 ,,$0.99/oz,"Tia Lupita Cactus Grain-Free Tortilla Chips, Habanero",-1,United States,
WENHEYOU Cuttlefish Chips Pepper Flavor 40 g,https://www.sayweee.com/en/product/WENHEYOU-Cuttlefish-Chips-Pepper-Flavor/83793,$3.59 ,,$0.08/g,WENHEYOU Cuttlefish Chips Pepper Flavor,,Mainland China,WENHE YOU
Diana Pachanga Mix 3.53 oz,https://www.sayweee.com/en/product/Diana-Pachanga-Mix/84362,$1.97 ,,$0.55/oz,Diana Pachanga Mix,,Mexico,
Irvins Salted Egg Potato Chips  230 g,https://www.sayweee.com/en/product/Irvins-Salted-Egg-Potato-Chips-/23158,$19.99 ,50+ Sold,$0.08/g,Irvins Salted Egg Potato Chips,-5,Singapore,IRVINS
"V-Loong Potato Sticks, Salted Egg Yolk Flavor 48 g",https://www.sayweee.com/en/product/V-Loong-Potato-Sticks--Salted-Egg-Yolk-Flavor/74871,$2.39 ,50+ Sold,$0.04/g,"V-Loong Potato Sticks, Salted Egg Yolk Flavor",-12,Mainland China,Weilong
Beny Locochas Mango Flavor Candy 60 count,https://www.sayweee.com/en/product/Beny-Locochas-Mango-Flavor-Candy/71448,$4.29 ,,$0.07/count,Beny Locochas Mango Flavor Candy,-2,Mexico,
Diana Yucca Chips 2.5 oz,https://www.sayweee.com/en/product/Diana-Yucca-Chips/81738,$2.19 ,,$0.87/oz,Diana Yucca Chips,-2,United States,DIANA
Dragonfly Fried Pork Skin Strips Hot 2.5 oz,https://www.sayweee.com/en/product/Dragonfly-Fried-Pork-Skin-Strips-Hot/82819,$2.99 ,50+ Sold,$1.19/oz,Dragonfly Fried Pork Skin Strips Hot,,United States,Dragon Fly
Crown Caramel Corn and Peanuts 150 g,https://www.sayweee.com/en/product/Crown-Caramel-Corn-and-Peanuts/1290,$3.69 ,,,Crown Caramel Corn and Peanuts,-19,South Korea,
Lay's Kyushu Seaweed Potato Chips 75 g,https://www.sayweee.com/en/product/Lay-s-Kyushu-Seaweed-Potato-Chips/9690,$2.29 ,300+ Sold,$0.03/g,Lay's Kyushu Seaweed Potato Chips,-7,Taiwan,Lay's
"Elena's Original Lapid Fried Pork Rinds, Classic 3 oz",https://www.sayweee.com/en/product/Elena-s-Original-Lapid-Fried-Pork-Rinds--Classic/13823,$4.99 ,50+ Sold,$1.66/oz,"Elena's Original Lapid Fried Pork Rinds, Classic",,United States,
Lay's Potato Chip 2IN1 Seafood Sauce  1.69 oz,https://www.sayweee.com/en/product/Lay-s-Potato-Chip-2IN1-Seafood-Sauce-/14006,$2.09 ,300+ Sold,$1.23/oz,Lay's Potato Chip 2IN1 Seafood Sauce,-32,Thailand,Lay's
HAITAI Honey Butter Chips Fun Size Value Pack 12ct 1 case,https://www.sayweee.com/en/product/HAITAI-Honey-Butter-Chips-Fun-Size-Value-Pack-12ct/31855,$17.99 ,,$17.99/case,HAITAI Honey Butter Chips Fun Size Value Pack 12ct,-4,South Korea,HAITAI
Shibuya Sweet Potato Sticks with Sesame Seed 145 g,https://www.sayweee.com/en/product/Shibuya-Sweet-Potato-Sticks-with-Sesame-Seed/30225,$3.99 ,,,Shibuya Sweet Potato Sticks with Sesame Seed,,Japan,
QinQin Prawn Cracker Spicy Flavor 80 g,https://www.sayweee.com/en/product/QinQin-Prawn-Cracker-Spicy-Flavor/48521,$2.49 ,,$0.03/g,QinQin Prawn Cracker Spicy Flavor,,Mainland China,
"Did you eat ? Crispy King Apoya, Crispy fish snack (original) 140 g",https://www.sayweee.com/en/product/Did-you-eat---Crispy-King-Apoya--Crispy-fish-snack--original-/87175,$9.99 ,,$0.07/g,"Did you eat ? Crispy King Apoya, Crispy fish snack (original)",,South Korea,
Fuyinong Small Sweet Potato 100 g,https://www.sayweee.com/en/product/Fuyinong-Small-Sweet-Potato/86872,$2.69 ,100+ Sold,,Fuyinong Small Sweet Potato,,Mainland China,
"Tia Lupita Cactus Grain-Free Tortilla Chips, Sea Salt 5 oz",https://www.sayweee.com/en/product/Tia-Lupita-Cactus-Grain-Free-Tortilla-Chips--Sea-Salt/82264,$4.99 ,,$0.99/oz,"Tia Lupita Cactus Grain-Free Tortilla Chips, Sea Salt",,United States,
"LOTTE Popping Corn Chips, Original Flavor 144 g",https://www.sayweee.com/en/product/LOTTE-Popping-Corn-Chips--Original-Flavor/34852,$5.99 ,50+ Sold,$0.04/g,"LOTTE Popping Corn Chips, Original Flavor",-6,South Korea,Lotte
Guzto's Banana Chips 100 g,https://www.sayweee.com/en/product/Guzto-s-Banana-Chips/35394,$2.08 ,,,Guzto's Banana Chips,,Philippines,
LaLa Sweet Chili Fish Cracker 100 g,https://www.sayweee.com/en/product/LaLa-Sweet-Chili-Fish-Cracker/85667,$1.69 ,,,LaLa Sweet Chili Fish Cracker,,Philippines,
Golden Fish Cracker Hot 200 g,https://www.sayweee.com/en/product/Golden-Fish-Cracker-Hot/85682,$3.39 ,,,Golden Fish Cracker Hot,,Philippines,
Nemi Snacks Cactus Sticks Mexican Lime 1.7 oz,https://www.sayweee.com/en/product/Nemi-Snacks-Cactus-Sticks-Mexican-Lime/85764,$3.69 ,,$2.17/oz,Nemi Snacks Cactus Sticks Mexican Lime,,Mexico,
Oishi Marty's Cracklin' Plain Salted Flavor 90 g,https://www.sayweee.com/en/product/Oishi-Marty-s-Cracklin--Plain-Salted-Flavor/84316,$1.99 ,,,Oishi Marty's Cracklin' Plain Salted Flavor,,Philippines,
LianCheng Sweet Potato Chips 180 g,https://www.sayweee.com/en/product/LianCheng-Sweet-Potato-Chips/83328,$6.59 ,50+ Sold,$0.03/g,LianCheng Sweet Potato Chips,-1,Taiwan,LianCheng
JANS ORGANIC PURPLE SWEET POTATO CHIPS 4 oz,https://www.sayweee.com/en/product/JANS-ORGANIC-PURPLE-SWEET-POTATO-CHIPS/20816,$3.99 ,,$0.99/oz,JANS ORGANIC PURPLE SWEET POTATO CHIPS,-1,Indonesia,
Seaweed Handmade Twisted Roll 200 g,https://www.sayweee.com/en/product/Seaweed-Handmade-Twisted-Roll/64689,$3.99 ,50+ Sold,,Seaweed Handmade Twisted Roll,-16,Taiwan,
[Oishi] Potato Chips (Barbecue) 80g x 1bag 80 g,https://www.sayweee.com/en/product/-Oishi--Potato-Chips--Barbecue--80g-x-1bag/3790,$2.49 ,50+ Sold,$0.03/g,[Oishi] Potato Chips (Barbecue) 80g x 1bag,-5,Mainland China,
LOTTE Pepero Original Large  6.35 oz,https://www.sayweee.com/en/product/LOTTE-Pepero-Original-Large-/34521,$5.99 ,,$0.94/oz,LOTTE Pepero Original Large,-1,South Korea,Lotte
Mission Spicy Chicharrones 4 oz,https://www.sayweee.com/en/product/Mission-Spicy-Chicharrones/73267,$5.19 ,,$1.29/oz,Mission Spicy Chicharrones,-6,United States,MISSION
"Want Want Lonely God Jumbo Potato Twist, Rose Salt 86 g",https://www.sayweee.com/en/product/Want-Want-Lonely-God-Jumbo-Potato-Twist--Rose-Salt/51210,$3.29 ,100+ Sold,$0.03/g,"Want Want Lonely God Jumbo Potato Twist, Rose Salt",-3,Taiwan,WANT WANT
"Crackle Bicol Express Potato Chips, Spicy Coconut Flavor  60 g",https://www.sayweee.com/en/product/Crackle-Bicol-Express-Potato-Chips--Spicy-Coconut-Flavor-/5485,$4.79 ,,$0.07/g,"Crackle Bicol Express Potato Chips, Spicy Coconut Flavor",-1,Philippines,
Crackle Snacks Salted Egg Potato Chips 70 g,https://www.sayweee.com/en/product/Crackle-Snacks-Salted-Egg-Potato-Chips/10940,$6.79 ,,$0.09/g,Crackle Snacks Salted Egg Potato Chips,-1,Philippines,CRACKLE
"Sha Er Ge Coarse Grain Rice Crisps, Spicy Flavor 100 g",https://www.sayweee.com/en/product/Sha-Er-Ge-Coarse-Grain-Rice-Crisps--Spicy-Flavor/48299,$1.99 ,50+ Sold,,"Sha Er Ge Coarse Grain Rice Crisps, Spicy Flavor",,Mainland China,Sha Er Ge
Crown Corn Chips Hot Mexican Jalapeño Flavor 118 g,https://www.sayweee.com/en/product/Crown-Corn-Chips-Hot-Mexican-Jalape--o-Flavor/34799,$4.99 ,,$0.04/g,Crown Corn Chips Hot Mexican Jalapeño Flavor,-3,South Korea,
ORION O!Karto Cream & Cheese Flavor Potato Chips 1.76 oz,https://www.sayweee.com/en/product/ORION-O-Karto-Cream---Cheese-Flavor-Potato-Chips/28254,$1.99 ,,$1.13/oz,ORION O!Karto Cream & Cheese Flavor Potato Chips,,South Korea,
Dragonfly Hot and Spicy Prawn Chips 4.2 oz,https://www.sayweee.com/en/product/Dragonfly-Hot-and-Spicy-Prawn-Chips/14003,$3.89 ,50+ Sold,$0.92/oz,Dragonfly Hot and Spicy Prawn Chips,-3,Vietnam,
"Oishi Potato Chips, Honey Butter Flavor 80 g",https://www.sayweee.com/en/product/Oishi-Potato-Chips--Honey-Butter-Flavor/39218,$3.99 ,,$0.04/g,"Oishi Potato Chips, Honey Butter Flavor",-1,Mainland China,Oishi
"Binji Ox Ear-Shaped Biscuits, Original 52 g",https://www.sayweee.com/en/product/Binji-Ox-Ear-Shaped-Biscuits--Original/48301,$2.29 ,,$0.04/g,"Binji Ox Ear-Shaped Biscuits, Original",,Mainland China,
Sea World Fried Mixed Vegetable Chips (Bugak) 10pk 1 box,https://www.sayweee.com/en/product/Sea-World-Fried-Mixed-Vegetable-Chips--Bugak--10pk/48258,$34.99 ,,$34.99/box,Sea World Fried Mixed Vegetable Chips (Bugak) 10pk,,South Korea,
Hong Tu Honey Grilled Wing Flavored Yam Chips 90 g,https://www.sayweee.com/en/product/Hong-Tu-Honey-Grilled-Wing-Flavored-Yam-Chips/50242,$2.59 ,,,Hong Tu Honey Grilled Wing Flavored Yam Chips,-3,Mainland China,
"Garden Potato Chips, Original Flavor 50 g",https://www.sayweee.com/en/product/Garden-Potato-Chips--Original-Flavor/45864,$1.99 ,,$0.03/g,"Garden Potato Chips, Original Flavor",-3,Mainland China,GARDEN
"LianCheng Sweet Potato Chips, Original 190 g",https://www.sayweee.com/en/product/LianCheng-Sweet-Potato-Chips-Original/57292,$6.49 ,,$0.03/g,"LianCheng Sweet Potato Chips, Original",-19,Taiwan,LianCheng
"Did you eat ? Crispy King Apoya, Crispy fish snack (hot chili) 140 g",https://www.sayweee.com/en/product/Did-you-eat---Crispy-King-Apoya--Crispy-fish-snack--hot-chili-/87176,$9.99 ,,$0.07/g,"Did you eat ? Crispy King Apoya, Crispy fish snack (hot chili)",,South Korea,
"Zhanzui's Cat Ear Crisps, Original Flavor 420 g",https://www.sayweee.com/en/product/Zhanzuis-Cat-Ear-Crisps-Original-Flavor/86011,$4.29 ,,,"Zhanzui's Cat Ear Crisps, Original Flavor",-4,Mainland China,Zhanzui
"Zhanzui's Cat Ear Crisps, Black Sesame Flavor 420 g",https://www.sayweee.com/en/product/Zhanzuis-Cat-Ear-Crisps-Black-Sesame-Flavor/86012,$4.29 ,,,"Zhanzui's Cat Ear Crisps, Black Sesame Flavor",-4,Mainland China,Zhanzui
Trygoodz Mido Mixed Nuts and Rice Crackers 180 g,https://www.sayweee.com/en/product/Trygoodz-Mido-Mixed-Nuts-and-Rice-Crackers/65659,$6.79 ,,$0.03/g,Trygoodz Mido Mixed Nuts and Rice Crackers,-7,Taiwan,
Cardina Potato Chips 45g,https://www.sayweee.com/en/product/Cardina-Potato-Chips-45g/94619,$2.89 ,,,Cardina Potato Chips 45g,-1,,
"H.Y. Potato Chips, Chicken with Spices Flavor 340 g",https://www.sayweee.com/en/product/HY-Potato-Chips-Chicken-with-Spices-Flavor/82322,$7.49 ,,,"H.Y. Potato Chips, Chicken with Spices Flavor",-2,Taiwan,HUAYUAN
Lala Potato Chips BBQ 85 g,https://www.sayweee.com/en/product/Lala-Potato-Chips-BBQ/87142,$1.79 ,,,Lala Potato Chips BBQ,,Philippines,
GuziGuzi Mushroom Crisps Seaweed Flavor 40 g,https://www.sayweee.com/en/product/GuziGuzi-Mushroom-Crisps-Seaweed-Flavor/86874,$2.99 ,50+ Sold,$0.07/g,GuziGuzi Mushroom Crisps Seaweed Flavor,,Mainland China,
"Papatonk Premium Shrimp Crackers, Original 80 g",https://www.sayweee.com/en/product/Papatonk-Premium-Shrimp-Crackers--Original/50522,$3.99 ,,$0.04/g,"Papatonk Premium Shrimp Crackers, Original",-1,Indonesia,
"Koloko Pea Crackers, Sour Cream & Onion Flavor 65 g",https://www.sayweee.com/en/product/Koloko-Pea-Crackers--Sour-Cream---Onion-Flavor/42329,$2.29 ,,$0.03/g,"Koloko Pea Crackers, Sour Cream & Onion Flavor",-2,Taiwan,
LaLa Fish Cracker Salt & Vinegar Flavor 100 g,https://www.sayweee.com/en/product/LaLa-Fish-Cracker-Salt---Vinegar-Flavor/85681,$1.69 ,50+ Sold,,LaLa Fish Cracker Salt & Vinegar Flavor,,Philippines,
"Nemi Snacks Churro Cactus Sticks, Cinnamon Flavor 1.7 oz",https://www.sayweee.com/en/product/Nemi-Snacks-Churro-Cactus-Sticks--Cinnamon-Flavor/85765,$3.69 ,,$2.17/oz,"Nemi Snacks Churro Cactus Sticks, Cinnamon Flavor",,Mexico,
Diana Maiz Chino Picante Hot Curls 2.53 oz,https://www.sayweee.com/en/product/Diana-Maiz-Chino-Picante-Hot-Curls/85788,$1.97 ,,$0.77/oz,Diana Maiz Chino Picante Hot Curls,,Mexico,
Lianhwa Potatoes Fries 660 g,https://www.sayweee.com/en/product/Lianhwa-Potatoes-Fries/83899,$19.99 ,,$0.03/g,Lianhwa Potatoes Fries,,Taiwan,
EBI Mayo Potato Chips 110 g,https://www.sayweee.com/en/product/EBI-Mayo-Potato-Chips/40833,$4.69 ,,$0.04/g,EBI Mayo Potato Chips,,Indonesia,
"Tia Lupita Cactus Grain-Free Tortilla Chips, Chipotle 5 oz",https://www.sayweee.com/en/product/Tia-Lupita-Cactus-Grain-Free-Tortilla-Chips--Chipotle/82473,$4.99 ,,$0.99/oz,"Tia Lupita Cactus Grain-Free Tortilla Chips, Chipotle",,United States,
"Karma Bites Popped Lotus Seeds, Himalayan Pink Salt  50 g",https://www.sayweee.com/en/product/Karma-Bites-Popped-Lotus-Seeds--Himalayan-Pink-Salt-/84096,$3.99 ,,$0.07/g,"Karma Bites Popped Lotus Seeds, Himalayan Pink Salt",,India,
Karma Bites Popped Lotus Seeds Caramel  50 g,https://www.sayweee.com/en/product/Karma-Bites-Popped-Lotus-Seeds-Caramel-/84097,$3.99 ,,$0.07/g,Karma Bites Popped Lotus Seeds Caramel,,India,
JANS ORGANIC YELLOW SWEET POTATO CHIPS 4 oz,https://www.sayweee.com/en/product/JANS-ORGANIC-YELLOW-SWEET-POTATO-CHIPS/22493,$3.99 ,,$0.99/oz,JANS ORGANIC YELLOW SWEET POTATO CHIPS,,Indonesia,
"Zidi Potato Chips, Brazil BBQ Flavor 100 g",https://www.sayweee.com/en/product/Zidi-Potato-Chips-Brazil-BBQ-Flavor/63439,$2.99 ,,,"Zidi Potato Chips, Brazil BBQ Flavor",-3,Mainland China,Zidi
Nongshim Banana Kick Snack 140 g,https://www.sayweee.com/en/product/Nongshim-Banana-Kick-Snack/29336,$5.99 ,,$0.04/g,Nongshim Banana Kick Snack,,South Korea,Nongshim
Orion Wang Korepab Marine Boy Seaweed Chips 56 g,https://www.sayweee.com/en/product/Orion-Wang-Korepab-Marine-Boy-Seaweed-Chips/99462,$1.99 ,,$0.03/g,Orion Wang Korepab Marine Boy Seaweed Chips,-1,South Korea,
Papatonk Premium Shrimp Crackers Unfried  200 g,https://www.sayweee.com/en/product/Papatonk-Premium-Shrimp-Crackers-Unfried-/22768,$5.49 ,,,Papatonk Premium Shrimp Crackers Unfried,-4,Indonesia,
Manora Brand Fried Crab Chips  3.17 oz,https://www.sayweee.com/en/product/Manora-Brand-Fried-Crab-Chips-/39401,$3.79 ,,$1.19/oz,Manora Brand Fried Crab Chips,-1,Thailand,
"Papatonk Premium Shrimp Crackers, Hot Chili and Lime Flavor 85 g",https://www.sayweee.com/en/product/Papatonk-Premium-Shrimp-Crackers--Hot-Chili-and-Lime-Flavor/50396,$3.99 ,,$0.04/g,"Papatonk Premium Shrimp Crackers, Hot Chili and Lime Flavor",-1,Indonesia,
Fragrance Salted Egg Potato Chips 70 g,https://www.sayweee.com/en/product/Fragrance-Salted-Egg-Potato-Chips/4157,$6.49 ,,$0.09/g,Fragrance Salted Egg Potato Chips,-44,Singapore,Fragance
"Oishi Potato Chips, Honey Butter Flavor 80 g",https://www.sayweee.com/en/product/Oishi-Potato-Chips--Honey-Butter-Flavor/39218,$3.99 ,,$0.04/g,"Oishi Potato Chips, Honey Butter Flavor",-1,Mainland China,Oishi
Orion Turtle Chips Flamin' Lime Flavor 160 g,https://www.sayweee.com/en/product/Orion-Turtle-Chips-Flamin--Lime-Flavor/38148,$4.49 ,,,Orion Turtle Chips Flamin' Lime Flavor,,South Korea,
Paldo Crab Flavored Chips  1.76 oz,https://www.sayweee.com/en/product/Paldo-Crab-Flavored-Chips-/28873,$1.49 ,50+ Sold,$0.84/oz,Paldo Crab Flavored Chips,-28,South Korea,
"Lian Chen Sweet Potato Chips, Brown Sugar Flavor 140 g",https://www.sayweee.com/en/product/Lian-Chen-Sweet-Potato-Chips-Brown-Sugar-Flavor/43945,$5.99 ,50+ Sold,$0.04/g,"Lian Chen Sweet Potato Chips, Brown Sugar Flavor",-19,Taiwan,LianCheng
"V-Loong Potato Sticks, Salted Egg Yolk Flavor 48 g",https://www.sayweee.com/en/product/V-Loong-Potato-Sticks--Salted-Egg-Yolk-Flavor/74871,$2.39 ,50+ Sold,$0.04/g,"V-Loong Potato Sticks, Salted Egg Yolk Flavor",-12,Mainland China,Weilong
"Garden Potato Chips, Original Flavor 50 g",https://www.sayweee.com/en/product/Garden-Potato-Chips--Original-Flavor/45864,$1.99 ,,$0.03/g,"Garden Potato Chips, Original Flavor",-3,Mainland China,GARDEN
Lobster Chips  140 g,https://www.sayweee.com/en/product/Lobster-Chips-/30883,$3.69 ,,,Lobster Chips,-2,Mainland China,
"Thinly Sliced Potato Chips, Spicy Flavor 205 g",https://www.sayweee.com/en/product/Thinly-Sliced-Potato-Chips-Spicy-Flavor/31233,$3.79 ,400+ Sold,,"Thinly Sliced Potato Chips, Spicy Flavor",-23,Mainland China,
Fragrance Salted Egg Cassava Chips 100 g,https://www.sayweee.com/en/product/Fragrance-Salted-Egg-Cassava-Chips/31404,$5.99 ,,$0.05/g,Fragrance Salted Egg Cassava Chips,-7,Singapore,
"Oishi Kraken Potato Chips, Extreme Cheese Flavor 90 g",https://www.sayweee.com/en/product/Oishi-Kraken-Potato-Chips--Extreme-Cheese-Flavor/47516,$4.89 ,,$0.05/g,"Oishi Kraken Potato Chips, Extreme Cheese Flavor",,Mainland China,
"Oishi Kraken Potato Chip, Hot Spicy Flavor 90 g",https://www.sayweee.com/en/product/Oishi-Kraken-Potato-Chip--Hot-Spicy-Flavor/47517,$4.89 ,,$0.05/g,"Oishi Kraken Potato Chip, Hot Spicy Flavor",,Mainland China,
Sea World Fried Mixed Vegetable Chips (Bugak) 10pk 1 box,https://www.sayweee.com/en/product/Sea-World-Fried-Mixed-Vegetable-Chips--Bugak--10pk/48258,$34.99 ,,$34.99/box,Sea World Fried Mixed Vegetable Chips (Bugak) 10pk,,South Korea,
"Koloko Pea Crackers, Sour Cream & Onion Flavor 65 g",https://www.sayweee.com/en/product/Koloko-Pea-Crackers--Sour-Cream---Onion-Flavor/42329,$2.29 ,,$0.03/g,"Koloko Pea Crackers, Sour Cream & Onion Flavor",-2,Taiwan,
"Binji Ox Ear-Shaped Biscuits, Original 52 g",https://www.sayweee.com/en/product/Binji-Ox-Ear-Shaped-Biscuits--Original/48301,$2.29 ,,$0.04/g,"Binji Ox Ear-Shaped Biscuits, Original",,Mainland China,
Hong Tu Honey Grilled Wing Flavored Yam Chips 90 g,https://www.sayweee.com/en/product/Hong-Tu-Honey-Grilled-Wing-Flavored-Yam-Chips/50242,$2.59 ,,,Hong Tu Honey Grilled Wing Flavored Yam Chips,-3,Mainland China,
"HY Foods Crispy Snack, Sweet Flavor 55 g",https://www.sayweee.com/en/product/HY-Foods-Crispy-Snack--Sweet-Flavor/35139,$1.79 ,400+ Sold,$0.03/g,"HY Foods Crispy Snack, Sweet Flavor",-22,Taiwan,
"Panpan Crunchy Wheat Snack, Green Onion Chicken Flavor 105 g",https://www.sayweee.com/en/product/Panpan-Crunchy-Wheat-Snack--Green-Onion-Chicken-Flavor/72257,$1.79 ,"300+ Sold,3 Left",,"Panpan Crunchy Wheat Snack, Green Onion Chicken Flavor",-5,Mainland China,PANPAN
Cadina Potato Fries Seaweed Flavor 90 g,https://www.sayweee.com/en/product/Cadina-Potato-Fries-Seaweed-Flavor/71122,$5.49 ,50+ Sold,$0.06/g,Cadina Potato Fries Seaweed Flavor,-5,Taiwan,Cadina
Cadina Potato Chip Fries 90 g,https://www.sayweee.com/en/product/Cadina-Potato-Chip-Fries/66121,$5.89 ,50+ Sold,$0.06/g,Cadina Potato Chip Fries,-13,Taiwan,
"WOLONG Chinese Yam Chips, Spicy  180 g",https://www.sayweee.com/en/product/WOLONG-Chinese-Yam-Chips--Spicy-/67859,$3.69 ,,,"WOLONG Chinese Yam Chips, Spicy",-6,Mainland China,
"Sweet Potato Chip, Original Flavor 240 g",https://www.sayweee.com/en/product/Sweet-Potato-Chip-Original-Flavor/39983,$9.99 ,50+ Sold,$0.04/g,"Sweet Potato Chip, Original Flavor",-18,Taiwan,
"Lay's Potato Chips, Sea Salt Flavor 65 g",https://www.sayweee.com/en/product/Lays-Potato-Chips-Sea-Salt-Flavor/80132,$2.49 ,,$0.03/g,"Lay's Potato Chips, Sea Salt Flavor",,Mainland China,Lay's
"LianCheng Sweet Potato Chips, Original 190 g",https://www.sayweee.com/en/product/LianCheng-Sweet-Potato-Chips-Original/57292,$6.49 ,,$0.03/g,"LianCheng Sweet Potato Chips, Original",-19,Taiwan,LianCheng
"Zidi Potato Chips, Brazil BBQ Flavor 100 g",https://www.sayweee.com/en/product/Zidi-Potato-Chips-Brazil-BBQ-Flavor/63439,$2.99 ,,,"Zidi Potato Chips, Brazil BBQ Flavor",-3,Mainland China,Zidi
"Calbee Fried Potato Chips, Lightly Salted 65 g",https://www.sayweee.com/en/product/Calbee-Fried-Potato-Chips-Lightly-Salted/83728,$3.25 ,,$0.05/g,"Calbee Fried Potato Chips, Lightly Salted",-2,Japan,
Calbee Salted Potato Chips Giza Giza 60 g,https://www.sayweee.com/en/product/Calbee-Salted-Potato-Chips-Giza-Giza/83741,$2.99 ,,$0.04/g,Calbee Salted Potato Chips Giza Giza,-2,Japan,
Michelle's Golden Sana Banana Chips 350 g,https://www.sayweee.com/en/product/Michelle-s-Golden-Sana-Banana-Chips/84172,$5.29 ,,,Michelle's Golden Sana Banana Chips,,Philippines,
"Zhanzui's Cat Ear Crisps, Original Flavor 420 g",https://www.sayweee.com/en/product/Zhanzuis-Cat-Ear-Crisps-Original-Flavor/86011,$4.29 ,,,"Zhanzui's Cat Ear Crisps, Original Flavor",-4,Mainland China,Zhanzui
"Zhanzui's Cat Ear Crisps, Black Sesame Flavor 420 g",https://www.sayweee.com/en/product/Zhanzuis-Cat-Ear-Crisps-Black-Sesame-Flavor/86012,$4.29 ,,,"Zhanzui's Cat Ear Crisps, Black Sesame Flavor",-4,Mainland China,Zhanzui
"H.Y. Potato Chips, Garlic Grilled Steaks Flavor 340 g",https://www.sayweee.com/en/product/HY-Potato-Chips-Garlic-Grilled-Steaks-Flavor/82317,$9.99 ,,,"H.Y. Potato Chips, Garlic Grilled Steaks Flavor",-1,Taiwan,HUAYUAN
"H.Y. Potato Chips, Chicken with Spices Flavor 340 g",https://www.sayweee.com/en/product/HY-Potato-Chips-Chicken-with-Spices-Flavor/82322,$7.49 ,,,"H.Y. Potato Chips, Chicken with Spices Flavor",-2,Taiwan,HUAYUAN
"Did you eat ? Crispy King Apoya, Crispy fish snack (hot chili) 140 g",https://www.sayweee.com/en/product/Did-you-eat---Crispy-King-Apoya--Crispy-fish-snack--hot-chili-/87176,$9.99 ,,$0.07/g,"Did you eat ? Crispy King Apoya, Crispy fish snack (hot chili)",,South Korea,
"Kuai Kuai Corn Snack, Cream Coconut Flavor  52 g",https://www.sayweee.com/en/product/Kuai-Kuai-Corn-Snack--Cream-Coconut-Flavor-/15514,$1.99 ,1K+ Sold,$0.03/g,"Kuai Kuai Corn Snack, Cream Coconut Flavor",-73,Taiwan,Kuai Kuai
"GGE Cube Wheat Crackers, BBQ Flavor 80g 80 g",https://www.sayweee.com/en/product/GGE-Cube-Wheat-Crackers-BBQ-Flavor-80g/97144,$1.99 ,1K+ Sold,,"GGE Cube Wheat Crackers, BBQ Flavor 80g",-184,Taiwan,
"Lay's Potato Chips, Fried Crab Flavor 70 g",https://www.sayweee.com/en/product/Lay-s-Potato-Chips--Fried-Crab-Flavor/1529,$2.49 ,1K+ Sold,$0.03/g,"Lay's Potato Chips, Fried Crab Flavor",-149,Mainland China,Lay's
Lay's Potato Chip Salted Egg 1.62 oz,https://www.sayweee.com/en/product/Lay-s-Potato-Chip-Salted-Egg/14007,$2.09 ,800+ Sold,$1.29/oz,Lay's Potato Chip Salted Egg,-22,Thailand,Lay's
"Xiao Huan Xiong Crispy Noodles, Barbecue Flavor 40 g",https://www.sayweee.com/en/product/Xiao-Huan-Xiong-Crispy-Noodles--Barbecue-Flavor/95086,$1.19 ,700+ Sold,,"Xiao Huan Xiong Crispy Noodles, Barbecue Flavor",-26,Mainland China,
"Lay's Potato Chips, Lime Flavor 65 g",https://www.sayweee.com/en/product/Lays-Potato-Chips-Lime-Flavor/80134,$2.49 ,50+ Sold,$0.03/g,"Lay's Potato Chips, Lime Flavor",-7,Mainland China,Lay's
Lay's Potato Chips Tomato Flavor 70 g,https://www.sayweee.com/en/product/Lay-s-Potato-Chips-Tomato-Flavor/83009,$2.69 ,300+ Sold,$0.03/g,Lay's Potato Chips Tomato Flavor,-2,Mainland China,Lay's
Lay's Potato Chips Lime Flavor 70 g,https://www.sayweee.com/en/product/Lay-s-Potato-Chips-Lime-Flavor/52828,$1.99 ,600+ Sold,,Lay's Potato Chips Lime Flavor,-3,Mainland China,Lay's
Calbee Takoyaki Ball 3.17 oz,https://www.sayweee.com/en/product/Calbee-Takoyaki-Ball/18362,$2.49 ,300+ Sold,$0.78/oz,Calbee Takoyaki Ball,-114,Thailand,Calbee
Ve Wong Little Prince Noodle Snack 300 g,https://www.sayweee.com/en/product/Ve-Wong-Little-Prince-Noodle-Snack/95583,$2.99 ,200+ Sold,,Ve Wong Little Prince Noodle Snack,-238,Taiwan,VE WONG
Lay's Potato Chip Sweet Basil 1.76 oz,https://www.sayweee.com/en/product/Lay-s-Potato-Chip-Sweet-Basil/14005,$2.09 ,500+ Sold,$1.18/oz,Lay's Potato Chip Sweet Basil,-20,Thailand,Lay's
"Very Enjoyable Brand Hong Kong-Style Fish Ball Snack, Spicy Flavor 90 g",https://www.sayweee.com/en/product/Very-Enjoyable-Brand-Hong-Kong-Style-Fish-Ball-Snack--Spicy-Flavor/37687,$3.49 ,400+ Sold,$0.03/g,"Very Enjoyable Brand Hong Kong-Style Fish Ball Snack, Spicy Flavor",-20,Mainland China,
Want Want Golden Rice Cracker Chicken Flavor 60 g,https://www.sayweee.com/en/product/Want-Want-Golden-Rice-Cracker-Chicken-Flavor/86869,$1.59 ,1K+ Sold,,Want Want Golden Rice Cracker Chicken Flavor,-2,Mainland China,WANT WANT
Lay's Grilled Pork Flavor Potato Chips 70 g,https://www.sayweee.com/en/product/Lays-Grilled-Pork-Flavor-Potato-Chips/27235,$2.49 ,600+ Sold,$0.03/g,Lay's Grilled Pork Flavor Potato Chips,-25,Mainland China,
"Lonely God Potato Twists, Vegetable Flavor 70 g",https://www.sayweee.com/en/product/Lonely-God-Potato-Twists-Vegetable-Flavor/71944,$2.99 ,400+ Sold,$0.04/g,"Lonely God Potato Twists, Vegetable Flavor",-96,Mainland China,LONELY GOD
Spicy Rice Crisps 210 g,https://www.sayweee.com/en/product/Spicy-Rice-Crisps/65742,$3.49 ,1K+ Sold,,Spicy Rice Crisps,-153,Mainland China,
Shuang Shuang Big Crab Crackers  80 g,https://www.sayweee.com/en/product/Shuang-Shuang-Big-Crab-Crackers-/65751,$1.19 ,300+ Sold,,Shuang Shuang Big Crab Crackers,-17,Mainland China,
"Oishi Potato Chips, Salted Egg Yolk Flavor 90 g",https://www.sayweee.com/en/product/Oishi-Potato-Chips-Salted-Egg-Yolk-Flavor/21300,$3.99 ,300+ Sold,$0.04/g,"Oishi Potato Chips, Salted Egg Yolk Flavor",-19,Mainland China,
"Panpan Wheat Crunch Snack, Wheat Flavor 105 g",https://www.sayweee.com/en/product/Panpan-Wheat-Crunch-Snack--Wheat-Flavor/36483,$1.99 ,700+ Sold,,"Panpan Wheat Crunch Snack, Wheat Flavor",-29,Mainland China,
"Hongtu Yam Chips, Sauce Flavor  90 g",https://www.sayweee.com/en/product/Hongtu-Yam-Chips-Sauce-Flavor-/58290,$2.49 ,300+ Sold,,"Hongtu Yam Chips, Sauce Flavor",-14,Mainland China,
"Bourbon X Demon Slayer Uzui Tengen Potato Chips, Seaweed & Salt 1.58 oz",https://www.sayweee.com/en/product/Bourbon-X-Demon-Slayer-Uzui-Tengen-Potato-Chips--Seaweed---Salt/10627,$1.89 ,,$1.19/oz,"Bourbon X Demon Slayer Uzui Tengen Potato Chips, Seaweed & Salt",-11,Japan,BOURBON
"HY Cuttlefish Crackers, Original 60 g",https://www.sayweee.com/en/product/HY-Cuttlefish-Crackers--Original/4797,$2.29 ,100+ Sold,$0.03/g,"HY Cuttlefish Crackers, Original",-46,Taiwan,HUAYUAN
Regent Tempura Shrimp Flavored Chips 100 g,https://www.sayweee.com/en/product/Regent-Tempura-Shrimp-Flavored-Chips/9866,$1.99 ,300+ Sold,,Regent Tempura Shrimp Flavored Chips,-9,Philippines,Regent
Oishi Tomato Flavored Potato Stix 40 g,https://www.sayweee.com/en/product/Oishi-Tomato-Flavored-Potato-Stix/3784,$1.69 ,100+ Sold,$0.04/g,Oishi Tomato Flavored Potato Stix,-38,Mainland China,OISHI
F.EAST Hainanese Chicken Rice Potato Chips 70 g,https://www.sayweee.com/en/product/FEAST-Hainanese-Chicken-Rice-Potato-Chips/26516,$3.49 ,,$0.04/g,F.EAST Hainanese Chicken Rice Potato Chips,-41,Malaysia,F.EAST
"Marco Polo Shrimp Snacks, Original Flavor 2.5 oz",https://www.sayweee.com/en/product/Marco-Polo-Shrimp-Snacks--Original-Flavor/24138,$1.69 ,500+ Sold,$0.67/oz,"Marco Polo Shrimp Snacks, Original Flavor",-5,United States,
"Lay's Potato Chips Stax, Cucumber Flavor 90 g",https://www.sayweee.com/en/product/Lay-s-Potato-Chips-Stax--Cucumber-Flavor/96417,$3.49 ,100+ Sold,$0.03/g,"Lay's Potato Chips Stax, Cucumber Flavor",-91,Mainland China,Lay's
