Title,Title_link,Price,unit_info___32SjE,count___1LWwo,Headline,Field1,Field2
"All Purpose Puff Pastry Tart Shells, 16pc  320 g",https://www.sayweee.com/en/product/All-Purpose-Puff-Pastry-Tart-Shells--16pc-/9644,$6.49,,1K+ Sold,"All Purpose Puff Pastry Tart Shells, 16pc",(327),Mainland China
Chen Yun Pao Chuan Egg Yolk Pastry 3ct 1 each,https://www.sayweee.com/en/product/Chen-Yun-Pao-Chuan-Egg-Yolk-Pastry-3ct/9338,$8.49,$8.49/each,400+ Sold,Chen Yun Pao Chuan Egg Yolk Pastry 3ct,(473),Taiwan
"Puff Pastry Egg Tart Shells, Frozen 18pc 414 g",https://www.sayweee.com/en/product/Puff-Pastry-Egg-Tart-Shells--Frozen-18pc/30754,$6.49,,300+ Sold,"Puff Pastry Egg Tart Shells, Frozen 18pc",(15),Mainland China
Chen Yun Pao Chuan Billionaire Taro Pastry 3pc 5.6 oz,https://www.sayweee.com/en/product/Chen-Yun-Pao-Chuan-Billionaire-Taro-Pastry-3pc/27501,$8.99,$1.60/oz,300+ Sold,Chen Yun Pao Chuan Billionaire Taro Pastry 3pc,(200),Taiwan
Chen Yun Pao Chuan Mung Bean Pastries Box 3pc 1 box,https://www.sayweee.com/en/product/Chen-Yun-Pao-Chuan-Mung-Bean-Pastries-Box-3pc/45097,$8.99,$8.99/box,300+ Sold,Chen Yun Pao Chuan Mung Bean Pastries Box 3pc,(80),Taiwan
Chen Yun Pao Chuan Baked Chinese Pastry with Yolk 3pc 159 g,https://www.sayweee.com/en/product/Chen-Yun-Pao-Chuan-Baked-Chinese-Pastry-with-Yolk-3pc/14489,$9.49,$0.05/g,200+ Sold,Chen Yun Pao Chuan Baked Chinese Pastry with Yolk 3pc,(152),Taiwan
Tachia Master Taro Pastry Gift Set Limited Edition 12pcs 585 g,https://www.sayweee.com/en/product/Tachia-Master-Taro-Pastry-Gift-Set-Limited-Edition-12pcs/85433,$44.89,$0.07/g,200+ Sold,Tachia Master Taro Pastry Gift Set Limited Edition 12pcs,(6),Taiwan
Mitsuru Portuguese Tart Pastry 18ct 418 g,https://www.sayweee.com/en/product/Mitsuru-Portuguese-Tart-Pastry-18ct/31675,$8.99,,50+ Sold,Mitsuru Portuguese Tart Pastry 18ct,(3),Mainland China
Chen Yun Pao Chuan Top Four Pastries  428 g,https://www.sayweee.com/en/product/Chen-Yun-Pao-Chuan-Top-Four-Pastries-/53108,$24.64,$0.05/g,50+ Sold,Chen Yun Pao Chuan Top Four Pastries,(23),Taiwan
Chen Yun Pao Chuan Mochi Yolk Pastries 3pc 159 g,https://www.sayweee.com/en/product/Chen-Yun-Pao-Chuan-Mochi-Yolk-Pastries-3pc/45884,$8.49,$0.05/g,50+ Sold,Chen Yun Pao Chuan Mochi Yolk Pastries 3pc,(30),Taiwan
Chen Yun Pao Chuan Egg Yolk Puff Pastries 8pc 1 box,https://www.sayweee.com/en/product/Chen-Yun-Pao-Chuan-Egg-Yolk-Puff-Pastries-8pc/28546,$24.64,$24.64/box,50+ Sold,Chen Yun Pao Chuan Egg Yolk Puff Pastries 8pc,(136),Taiwan
"Fortune Bakery Egg Yolk Pastry Chewy Mochi with Red Bean, Walnut, Banana, and Winter Melon Filling  330 g",https://www.sayweee.com/en/product/Fortune-Bakery-Egg-Yolk-Pastry-Chewy-Mochi-with-Red-Bean--Walnut--Banana--and-Winter-Melon-Filling-/18367,$19.99,$0.06/g,50+ Sold,"Fortune Bakery Egg Yolk Pastry Chewy Mochi with Red Bean, Walnut, Banana, and Winter Melon Filling",(20),United States
"Fortune Bakery Egg Yolk Puff Pastry, Mochi and Red Bean Filling 6pcs 330 g",https://www.sayweee.com/en/product/Fortune-Bakery-Egg-Yolk-Puff-Pastry--Mochi-and-Red-Bean-Filling-6pcs/15731,$19.99,$0.06/g,,"Fortune Bakery Egg Yolk Puff Pastry, Mochi and Red Bean Filling 6pcs",(20),United States
Chen Yun Pao Chuan Taro Pastries 8pc 1 box,https://www.sayweee.com/en/product/Chen-Yun-Pao-Chuan-Taro-Pastries-8pc/25644,$24.64,$24.64/box,,Chen Yun Pao Chuan Taro Pastries 8pc,(37),Taiwan
"Fortune Bakery Durian Puff Pastry, 6pcs 330 g",https://www.sayweee.com/en/product/Fortune-Bakery-Durian-Puff-Pastry--6pcs/3326,$23.99,$0.07/g,,"Fortune Bakery Durian Puff Pastry, 6pcs",(3),Mainland China
Chen Yun Pao Chuan Billion Double Happiness Chinese Pastries 8pc 1 box,https://www.sayweee.com/en/product/Chen-Yun-Pao-Chuan-Billion-Double-Happiness-Chinese-Pastries-8pc/54203,$28.99,$28.99/box,,Chen Yun Pao Chuan Billion Double Happiness Chinese Pastries 8pc,(15),Taiwan
Chen Yun Pao Chuan Traditional Egg Yolk Pastry 8pc 1 box,https://www.sayweee.com/en/product/Chen-Yun-Pao-Chuan-Traditional-Egg-Yolk-Pastry-8pc/54176,$28.99,$28.99/box,,Chen Yun Pao Chuan Traditional Egg Yolk Pastry 8pc,(22),Taiwan
Chen Yun Pao Chuan Mung Bean Pastries 8pcs 1 box,https://www.sayweee.com/en/product/Chen-Yun-Pao-Chuan-Mung-Bean-Pastries-8pcs/2048,$24.64,$24.64/box,,Chen Yun Pao Chuan Mung Bean Pastries 8pcs,(23),Taiwan
Chen Yun Pao Chuan Mochi and Salted Egg Yolk Pastry 8pc 1 each,https://www.sayweee.com/en/product/Chen-Yun-Pao-Chuan-Mochi-and-Salted-Egg-Yolk-Pastry-8pc/25640,$24.64,$24.64/each,,Chen Yun Pao Chuan Mochi and Salted Egg Yolk Pastry 8pc,(17),Taiwan
Youchen Cake Seasoned with Chicken Meat Floss 495 g,https://www.sayweee.com/en/product/Youchen-Cake-Seasoned-with-Chicken-Meat-Floss/26891,$10.99,,1K+ Sold,Youchen Cake Seasoned with Chicken Meat Floss,(432),Mainland China
JFC Konnyaku Yam Cake 9 oz,https://www.sayweee.com/en/product/JFC-Konnyaku-Yam-Cake/95676,$1.69,$0.18/oz,1K+ Sold,JFC Konnyaku Yam Cake,(513),United States
Wowo Brand Fermented Glutinous Rice 600 g,https://www.sayweee.com/en/product/Wowo-Brand-Fermented-Glutinous-Rice/97184,$3.99,,1K+ Sold,Wowo Brand Fermented Glutinous Rice,(196),Mainland China
DXC Mango Mochi 210 g,https://www.sayweee.com/en/product/DXC-Mango-Mochi/4565,$4.29,,1K+ Sold,DXC Mango Mochi,(146),Mainland China
Aroy-D Sticky Rice with Mango 8.8 oz,https://www.sayweee.com/en/product/Aroy-D-Sticky-Rice-with-Mango/80049,$4.87,$0.55/oz,1K+ Sold,Aroy-D Sticky Rice with Mango,(21),Thailand
"Mi Po Po Fermented Glutinous Rice, Large 900 g",https://www.sayweee.com/en/product/Mi-Po-Po-Fermented-Glutinous-Rice-Large/18065,$5.99,,900+ Sold,"Mi Po Po Fermented Glutinous Rice, Large",(104),Mainland China
"Small Egg Tarts, Frozen 16 count",https://www.sayweee.com/en/product/Small-Egg-Tarts-Frozen/44668,$5.99,$0.37/count,700+ Sold,"Small Egg Tarts, Frozen",(1077),Mainland China
Isabelle Taiwan Specialties Pineapple Cakes 10ct 480 g,https://www.sayweee.com/en/product/Isabelle-Taiwan-Specialties-Pineapple-Cakes-10ct/97662,$14.99,$0.03/g,700+ Sold,Isabelle Taiwan Specialties Pineapple Cakes 10ct,(239),Taiwan
"Daifuku Mochi Red Bean Cakes, Frozen 3.88 oz",https://www.sayweee.com/en/product/Daifuku-Mochi-Red-Bean-Cakes--Frozen/98517,$1.99,$0.51/oz,700+ Sold,"Daifuku Mochi Red Bean Cakes, Frozen",(30),Japan
Marukin Mini Muffins 16 count,https://www.sayweee.com/en/product/Marukin-Mini-Muffins/98717,$5.99,$0.37/count,500+ Sold,Marukin Mini Muffins,(434),Japan
Chen Yun Pao Chuan Royal Taiwanese Tamba Cakes 3ct  1 each,https://www.sayweee.com/en/product/Chen-Yun-Pao-Chuan-Royal-Taiwanese-Tamba-Cakes-3ct-/9643,$8.49,$8.49/each,500+ Sold,Chen Yun Pao Chuan Royal Taiwanese Tamba Cakes 3ct,(388),Taiwan
Sunny Hills Pineapple Cake 10pcs 500 g,https://www.sayweee.com/en/product/Sunny-Hills-Pineapple-Cake-10pcs/72028,$39.99,$0.07/g,500+ Sold,Sunny Hills Pineapple Cake 10pcs,(198),Taiwan
"Orange Patisserie Custard Cream Puff, Frozen 2.75 oz",https://www.sayweee.com/en/product/Orange-Patisserie-Custard-Cream-Puff--Frozen/98707,$2.29,$0.83/oz,500+ Sold,"Orange Patisserie Custard Cream Puff, Frozen",(306),United States
Country House Black Sesame Crunch 7 oz,https://www.sayweee.com/en/product/Country-House-Black-Sesame-Crunch/94181,$4.99,$0.71/oz,500+ Sold,Country House Black Sesame Crunch,(85),United States
"Ao Kun Small Portuguese Style Tart Crust, Frozen 60pc 570 g",https://www.sayweee.com/en/product/Ao-Kun-Small-Portuguese-Style-Tart-Crust--Frozen-60pc/36862,$8.59,,400+ Sold,"Ao Kun Small Portuguese Style Tart Crust, Frozen 60pc",(58),Mainland China
Chen Yun Pao Chuan Sun Cakes Box 5pc 6.7 oz,https://www.sayweee.com/en/product/Chen-Yun-Pao-Chuan-Sun-Cakes-Box-5pc/45098,$8.99,$1.34/oz,400+ Sold,Chen Yun Pao Chuan Sun Cakes Box 5pc,(203),Taiwan
"IJEAN Egg Yolk Puff with Mochi, Rose and Purple Yam Paste 8.47 oz",https://www.sayweee.com/en/product/IJEAN-Egg-Yolk-Puff-with-Mochi--Rose-and-Purple-Yam-Paste/35561,$8.99,$1.06/oz,400+ Sold,"IJEAN Egg Yolk Puff with Mochi, Rose and Purple Yam Paste",(14),United States
Meixin Assorted Petite Egg Rolls 36pcs 208 g,https://www.sayweee.com/en/product/Meixin-Assorted-Petite-Egg-Rolls-36pcs/12621,$17.99,$0.08/g,400+ Sold,Meixin Assorted Petite Egg Rolls 36pcs,(76),Hong Kong
"Orange Patisserie Mini Custard Cream Eclairs, Frozen  132 g",https://www.sayweee.com/en/product/Orange-Patisserie-Mini-Custard-Cream-Eclairs--Frozen-/98711,$4.49,$0.03/g,300+ Sold,"Orange Patisserie Mini Custard Cream Eclairs, Frozen",(266),
DXC Flower Shaped Jujube Puff Cake  210 g,https://www.sayweee.com/en/product/DXC-Flower-Shaped-Jujube-Puff-Cake-/16890,$5.49,,300+ Sold,DXC Flower Shaped Jujube Puff Cake,(31),Mainland China
Baozhisu Mango Sago Cream with Pomelo 200 g,https://www.sayweee.com/en/product/Baozhisu-Mango-Sago-Cream-with-Pomelo/34357,$3.39,,300+ Sold,Baozhisu Mango Sago Cream with Pomelo,(100),Mainland China
Regent Mochi Assorted 240 g,https://www.sayweee.com/en/product/Regent-Mochi-Assorted/14384,$3.69,,300+ Sold,Regent Mochi Assorted,(6),Philippines
Orange Matcha Mini Cream Puffs 3.8 oz,https://www.sayweee.com/en/product/Orange-Matcha-Mini-Cream-Puffs/46325,$4.49,$1.18/oz,300+ Sold,Orange Matcha Mini Cream Puffs,(70),Japan
Red Bean Mochi 120 g,https://www.sayweee.com/en/product/Red-Bean-Mochi/16247,$1.89,,300+ Sold,Red Bean Mochi,(19),Taiwan
DXC Fruit Mochi Coconut Milk Flavor 210 g,https://www.sayweee.com/en/product/DXC-Fruit-Mochi-Coconut-Milk-Flavor/87187,$4.29,,300+ Sold,DXC Fruit Mochi Coconut Milk Flavor,,Mainland China
Zuming Soft Beancurd Snack  500 g,https://www.sayweee.com/en/product/Zuming-Soft-Beancurd-Snack-/22175,$3.79,,300+ Sold,Zuming Soft Beancurd Snack,(43),Mainland China
Sunny Hills Pineapple Fortune Cake 3pcs 1 box,https://www.sayweee.com/en/product/Sunny-Hills-Pineapple-Fortune-Cake-3pcs/82421,$22.99,$22.99/box,300+ Sold,Sunny Hills Pineapple Fortune Cake 3pcs,(20),Taiwan
Hsin Tung Yang Mung Bean Cake  5.3 oz,https://www.sayweee.com/en/product/Hsin-Tung-Yang-Mung-Bean-Cake-/98686,$7.29,$1.37/oz,300+ Sold,Hsin Tung Yang Mung Bean Cake,(106),Taiwan
ZHANYI Frozen Egg Tart Skin 51pc/box 1020 g,https://www.sayweee.com/en/product/ZHANYI-Frozen-Egg-Tart-Skin-51pc-box/29854,$19.99,,200+ Sold,ZHANYI Frozen Egg Tart Skin 51pc/box,(50),Mainland China
APoJia Mochi Mango Flavor  80 g,https://www.sayweee.com/en/product/APoJia-Mochi-Mango-Flavor-/84789,$1.59,,"200+ Sold,86 Left",APoJia Mochi Mango Flavor,(2),Mainland China
Cherry Grandfather Handmade Walnut and Date Pastille Candies 350 g,https://www.sayweee.com/en/product/Cherry-Grandfather-Handmade-Walnut-and-Date-Pastille-Candies/45531,$23.99,$0.06/g,200+ Sold,Cherry Grandfather Handmade Walnut and Date Pastille Candies,(40),Taiwan
Shirakiku Red Bean Mochi  100 g,https://www.sayweee.com/en/product/Shirakiku-Red-Bean-Mochi-/81438,$1.59,,200+ Sold,Shirakiku Red Bean Mochi,(46),Japan
"IJEAN Egg Yolk Puff with Mochi, Cheese, and Mung Bean Paste 8.47 oz",https://www.sayweee.com/en/product/IJEAN-Egg-Yolk-Puff-with-Mochi--Cheese--and-Mung-Bean-Paste/35559,$8.99,$1.06/oz,200+ Sold,"IJEAN Egg Yolk Puff with Mochi, Cheese, and Mung Bean Paste",(7),United States
DXC Sweetheart Cake with Honey  210 g,https://www.sayweee.com/en/product/DXC-Sweetheart-Cake-with-Honey-/28225,$7.29,$0.03/g,200+ Sold,DXC Sweetheart Cake with Honey,(3),Mainland China
Meijiya Mini Plain Doughnuts 250 g,https://www.sayweee.com/en/product/Meijiya-Mini-Plain-Doughnuts/83776,$4.99,,200+ Sold,Meijiya Mini Plain Doughnuts,(23),Japan
"Regent Ube Mochi, 10pcs 240 g",https://www.sayweee.com/en/product/Regent-Ube-Mochi--10pcs/9717,$3.69,,200+ Sold,"Regent Ube Mochi, 10pcs",(9),Philippines
"DXC Fruit Mochi, Matcha 210 g",https://www.sayweee.com/en/product/DXC-Fruit-Mochi-Matcha/4566,$3.99,,200+ Sold,"DXC Fruit Mochi, Matcha",(76),Mainland China
"Taiwanese Sun Cake, Brown Sugar Flavor 12 pcs 600 g",https://www.sayweee.com/en/product/Taiwanese-Sun-Cake--Brown-Sugar-Flavor-12-pcs/16217,$12.99,,200+ Sold,"Taiwanese Sun Cake, Brown Sugar Flavor 12 pcs",(42),Taiwan
Regent Mochi Mango 240 g,https://www.sayweee.com/en/product/Regent-Mochi-Mango/14383,$3.99,,200+ Sold,Regent Mochi Mango,(9),Philippines
Mu Sang King Durian Cake 300 g,https://www.sayweee.com/en/product/Mu-Sang-King-Durian-Cake/17799,$4.39,,200+ Sold,Mu Sang King Durian Cake,(13),Mainland China
Chen Yun Pao Chuan White Chocolate Yuzu Lemon Cake  1 box,https://www.sayweee.com/en/product/Chen-Yun-Pao-Chuan-White-Chocolate-Yuzu-Lemon-Cake-/17258,$27.99,$27.99/box,200+ Sold,Chen Yun Pao Chuan White Chocolate Yuzu Lemon Cake,(76),Taiwan
"Ao Kun Red Bean Cake, Frozen 18pc 630 g",https://www.sayweee.com/en/product/Ao-Kun-Red-Bean-Cake--Frozen-18pc/37365,$10.99,,200+ Sold,"Ao Kun Red Bean Cake, Frozen 18pc",(33),Mainland China
DEKA WAFER BITES MATCHA 7 oz,https://www.sayweee.com/en/product/DEKA-WAFER-BITES-MATCHA/22496,$3.29,$0.47/oz,200+ Sold,DEKA WAFER BITES MATCHA,(31),Indonesia
Red Bean and Matcha Mochi 120 g,https://www.sayweee.com/en/product/Red-Bean-and-Matcha-Mochi/16256,$1.79,,200+ Sold,Red Bean and Matcha Mochi,(13),Taiwan
DEKA WAFER BITES CHOCO CHOCO 7 oz,https://www.sayweee.com/en/product/DEKA-WAFER-BITES-CHOCO-CHOCO/22495,$3.29,$0.47/oz,200+ Sold,DEKA WAFER BITES CHOCO CHOCO,(27),Indonesia
Mung Bean Cake (Original Flavor) 240 g,https://www.sayweee.com/en/product/Mung-Bean-Cake--Original-Flavor-/18300,$6.99,,200+ Sold,Mung Bean Cake (Original Flavor),(3),United States
Dried Persimmons 1 lb,https://www.sayweee.com/en/product/Dried-Persimmons/43451,$7.99,$7.99/lb,100+ Sold,Dried Persimmons,(62),Mainland China
Country House Pumpkin Seed Crunch 7 oz,https://www.sayweee.com/en/product/Country-House-Pumpkin-Seed-Crunch/94178,$4.89,$0.69/oz,100+ Sold,Country House Pumpkin Seed Crunch,(37),United States
Dragonfly Brand Coconut Layer Cake Mix 8 oz,https://www.sayweee.com/en/product/Dragonfly-Brand-Coconut-Layer-Cake-Mix/34338,$1.99,$0.24/oz,100+ Sold,Dragonfly Brand Coconut Layer Cake Mix,(2),Thailand
Samlip Black Sugar Oboro Bread 3.52 oz,https://www.sayweee.com/en/product/Samlip-Black-Sugar-Oboro-Bread/84727,$1.99,$0.56/oz,100+ Sold,Samlip Black Sugar Oboro Bread,(2),South Korea
Hsin Tung Yang Mixed Mochi 230 g,https://www.sayweee.com/en/product/Hsin-Tung-Yang-Mixed-Mochi/44679,$2.90,,100+ Sold,Hsin Tung Yang Mixed Mochi,(4),Taiwan
Banh Pia Mung Bean and Durian with Salted Egg Yolk 14 oz,https://www.sayweee.com/en/product/Banh-Pia-Mung-Bean-and-Durian-with-Salted-Egg-Yolk/84152,$6.99,$0.49/oz,100+ Sold,Banh Pia Mung Bean and Durian with Salted Egg Yolk,(16),Vietnam
DXC Happiness Cake Gift Box  880 g,https://www.sayweee.com/en/product/DXC-Happiness-Cake-Gift-Box-/82355,$28.49,$0.03/g,100+ Sold,DXC Happiness Cake Gift Box,(7),Mainland China
DXC Beijing Style Assorted Cakes 1380 g,https://www.sayweee.com/en/product/DXC-Beijing-Style-Assorted-Cakes/16934,$33.99,,100+ Sold,DXC Beijing Style Assorted Cakes,(20),Mainland China
IJEAN Egg Yolk Puff with Mochi and Red Bean Paste 8.47 oz,https://www.sayweee.com/en/product/IJEAN-Egg-Yolk-Puff-with-Mochi-and-Red-Bean-Paste/35558,$8.99,$1.06/oz,100+ Sold,IJEAN Egg Yolk Puff with Mochi and Red Bean Paste,(4),United States
IJEAN Egg Yolk Puff with Mochi and Lotus Paste 8.47 oz,https://www.sayweee.com/en/product/IJEAN-Egg-Yolk-Puff-with-Mochi-and-Lotus-Paste/35560,$8.99,$1.06/oz,100+ Sold,IJEAN Egg Yolk Puff with Mochi and Lotus Paste,(4),United States
"Regent Green Tea Mochi, 10pcs 240 g",https://www.sayweee.com/en/product/Regent-Green-Tea-Mochi--10pcs/9715,$3.69,,100+ Sold,"Regent Green Tea Mochi, 10pcs",(1),Philippines
DXC Happiness Cake Gift Box 880 g,https://www.sayweee.com/en/product/DXC-Happiness-Cake-Gift-Box/30864,$28.49,$0.03/g,100+ Sold,DXC Happiness Cake Gift Box,(15),Mainland China
Samlip Honey Stuffed Sweet Corn Pancake  12.06 oz,https://www.sayweee.com/en/product/Samlip-Honey-Stuffed-Sweet-Corn-Pancake-/84726,$4.39,$0.36/oz,100+ Sold,Samlip Honey Stuffed Sweet Corn Pancake,,South Korea
DXC Sweetheart Cake with Brown Sugar 210 g,https://www.sayweee.com/en/product/DXC-Sweetheart-Cake-with-Brown-Sugar/28226,$7.29,$0.03/g,100+ Sold,DXC Sweetheart Cake with Brown Sugar,(7),Mainland China
Four Types Famous Taiwan Snacks 321 g,https://www.sayweee.com/en/product/Four-Types-Famous-Taiwan-Snacks/94605,$4.69,,100+ Sold,Four Types Famous Taiwan Snacks,(45),Taiwan
Flour Cake Jasmine Flavor 210g 216 g,https://www.sayweee.com/en/product/Flour-Cake-Jasmine-Flavor-210g/17056,$3.69,,100+ Sold,Flour Cake Jasmine Flavor 210g,(6),Mainland China
AC EAGLE Frozen Faro 500 g,https://www.sayweee.com/en/product/AC-EAGLE-Frozen-Faro/32499,$7.29,,100+ Sold,AC EAGLE Frozen Faro,(13),Mainland China
Orange Strawberry Mini Cream Puff 3.8 oz,https://www.sayweee.com/en/product/Orange-Strawberry-Mini-Cream-Puff/65705,$4.49,$1.18/oz,100+ Sold,Orange Strawberry Mini Cream Puff,(36),Japan
"Chen Yun Pao Chuan Chinese Gourmet Sweets Gift Set, Frozen 20pc 1 each",https://www.sayweee.com/en/product/Chen-Yun-Pao-Chuan-Chinese-Gourmet-Sweets-Gift-Set--Frozen-20pc/53298,$45.99,$45.99/each,100+ Sold,"Chen Yun Pao Chuan Chinese Gourmet Sweets Gift Set, Frozen 20pc",(14),Taiwan
DXC Chinese Cakes Gift Box 732 g,https://www.sayweee.com/en/product/DXC-Chinese-Cakes-Gift-Box/52946,$24.99,$0.03/g,100+ Sold,DXC Chinese Cakes Gift Box,(10),Mainland China
Sunny Hills Pineapple Cakes 800 g,https://www.sayweee.com/en/product/Sunny-Hills-Pineapple-Cakes/62524,$59.99,$0.07/g,100+ Sold,Sunny Hills Pineapple Cakes,(7),Taiwan
Nora Kitchen Buko Pandan Jelly Mix 5.9 oz,https://www.sayweee.com/en/product/Nora-Kitchen-Buko-Pandan-Jelly-Mix/11569,$2.89,$0.48/oz,100+ Sold,Nora Kitchen Buko Pandan Jelly Mix,(4),United States
Chikodo Half Baked Lava Cheese Cake  180 g,https://www.sayweee.com/en/product/Chikodo-Half-Baked-Lava-Cheese-Cake-/51453,$7.89,$0.04/g,50+ Sold,Chikodo Half Baked Lava Cheese Cake,(6),Mainland China
Samlip Castella Cream Cake 3.35 oz,https://www.sayweee.com/en/product/Samlip-Castella-Cream-Cake/84773,$2.49,$0.74/oz,50+ Sold,Samlip Castella Cream Cake,(3),South Korea
Coconut Rice Cake 480 g,https://www.sayweee.com/en/product/Coconut-Rice-Cake/50580,$3.49,,50+ Sold,Coconut Rice Cake,(7),Taiwan
GUOSHANLAOCUN Mung Bean Pie Cake 128 g,https://www.sayweee.com/en/product/GUOSHANLAOCUN-Mung-Bean-Pie-Cake/67147,$4.59,$0.03/g,50+ Sold,GUOSHANLAOCUN Mung Bean Pie Cake,(32),Mainland China
APoJia Mochi Peach Flavor  80 g,https://www.sayweee.com/en/product/APoJia-Mochi-Peach-Flavor-/84787,$1.59,,50+ Sold,APoJia Mochi Peach Flavor,(5),Mainland China
Serena Original Egg Roll Cookies  512 g,https://www.sayweee.com/en/product/Serena-Original-Egg-Roll-Cookies-/3483,$13.99,,50+ Sold,Serena Original Egg Roll Cookies,(47),Taiwan
BIMBO Mini Mantecadas Muffins 4ct 4.41 oz,https://www.sayweee.com/en/product/BIMBO-Mini-Mantecadas-Muffins-4ct/91489,$1.99,$0.45/oz,50+ Sold,BIMBO Mini Mantecadas Muffins 4ct,(2),Mexico
Kanom Tuay Pandan Coconut Pudding 200 g,https://www.sayweee.com/en/product/Kanom-Tuay-Pandan-Coconut-Pudding/7317,$5.99,,50+ Sold,Kanom Tuay Pandan Coconut Pudding,(40),Thailand
"Daifuku Mochi Kurogoma, Frozen 3.88 oz",https://www.sayweee.com/en/product/Daifuku-Mochi-Kurogoma--Frozen/98530,$1.99,$0.51/oz,50+ Sold,"Daifuku Mochi Kurogoma, Frozen",(25),Japan
DXC Happy Honorable Gift Set 24pcs  1200 g,https://www.sayweee.com/en/product/DXC-Happy-Honorable-Gift-Set-24pcs-/84298,$49.99,$0.04/g,50+ Sold,DXC Happy Honorable Gift Set 24pcs,(1),Mainland China
MARINELA Principe Sandwich Cookies with Chocolate Filling  2.96 oz,https://www.sayweee.com/en/product/MARINELA-Principe-Sandwich-Cookies-with-Chocolate-Filling-/91532,$1.99,$0.67/oz,50+ Sold,MARINELA Principe Sandwich Cookies with Chocolate Filling,,Mexico
Vara Foods Tapioca Pearl Pudding with Red Beans 4 oz,https://www.sayweee.com/en/product/Vara-Foods-Tapioca-Pearl-Pudding-with-Red-Beans/25252,$2.49,$0.62/oz,50+ Sold,Vara Foods Tapioca Pearl Pudding with Red Beans,(5),Thailand
Kuo Yuan Ye Taiwan Golden Prize Pineapple Cake 168 g,https://www.sayweee.com/en/product/Kuo-Yuan-Ye-Taiwan-Golden-Prize-Pineapple-Cake/1791,$13.19,$0.07/g,50+ Sold,Kuo Yuan Ye Taiwan Golden Prize Pineapple Cake,(16),Taiwan
"DXC Soft Flour Cake, Brown Sugar Flavor 454 g",https://www.sayweee.com/en/product/DXC-Soft-Flour-Cake--Brown-Sugar-Flavor/26058,$6.99,,50+ Sold,"DXC Soft Flour Cake, Brown Sugar Flavor",(5),Mainland China
Uni Bread Portuguese Egg Tart 4ct 290 g,https://www.sayweee.com/en/product/Uni-Bread-Portuguese-Egg-Tart-4ct/80013,$12.49,$0.04/g,50+ Sold,Uni Bread Portuguese Egg Tart 4ct,(17),United States
Native Pineapple Cakes  300 g,https://www.sayweee.com/en/product/Native-Pineapple-Cakes-/94576,$4.49,,50+ Sold,Native Pineapple Cakes,(12),Taiwan
Bakerly Chocolate Filled Crepes 6.78 oz,https://www.sayweee.com/en/product/Bakerly-Chocolate-Filled-Crepes/18202,$3.99,$0.58/oz,50+ Sold,Bakerly Chocolate Filled Crepes,(1),United States
"Marukyo Assorted Baked Bean Cakes, 5 Flavors 18pc 250 g",https://www.sayweee.com/en/product/Marukyo-Assorted-Baked-Bean-Cakes--5-Flavors-18pc/18932,$5.49,,50+ Sold,"Marukyo Assorted Baked Bean Cakes, 5 Flavors 18pc",(13),Japan
INACO Nata De Coco Mango Flavor 12.7 oz,https://www.sayweee.com/en/product/INACO-Nata-De-Coco-Mango-Flavor/41024,$1.69,$0.13/oz,50+ Sold,INACO Nata De Coco Mango Flavor,,Indonesia
MARINELA Pingüinos - Cup Cakes 2.82 oz,https://www.sayweee.com/en/product/MARINELA-Ping--inos---Cup-Cakes/91529,$1.99,$0.70/oz,50+ Sold,MARINELA Pingüinos - Cup Cakes,(2),Mexico
Serena Sesame Egg Roll Cookies  512 g,https://www.sayweee.com/en/product/Serena-Sesame-Egg-Roll-Cookies-/19363,$14.49,,50+ Sold,Serena Sesame Egg Roll Cookies,(53),Taiwan
Golden Coins Mango Pudding Oriental Dessert Mix 4.5 oz,https://www.sayweee.com/en/product/Golden-Coins-Mango-Pudding-Oriental-Dessert-Mix/13166,$1.99,$0.44/oz,50+ Sold,Golden Coins Mango Pudding Oriental Dessert Mix,(18),United States
"AROY-D Taro Ball in Coconut Milk, Frozen  180 g",https://www.sayweee.com/en/product/AROY-D-Taro-Ball-in-Coconut-Milk--Frozen-/84167,$4.49,,50+ Sold,"AROY-D Taro Ball in Coconut Milk, Frozen",,Thailand
"Fortune Bakery Egg Yolk Puff, Purple Yam and Rose 330 g",https://www.sayweee.com/en/product/Fortune-Bakery-Egg-Yolk-Puff--Purple-Yam-and-Rose/83335,$19.99,$0.06/g,50+ Sold,"Fortune Bakery Egg Yolk Puff, Purple Yam and Rose",(1),United States
Samlip Egg Castella 3.35 oz,https://www.sayweee.com/en/product/Samlip-Egg-Castella/84771,$2.99,$0.89/oz,50+ Sold,Samlip Egg Castella,(2),South Korea
Royal Macaron Rusk  2.11 oz,https://www.sayweee.com/en/product/Royal-Macaron-Rusk-/25966,$3.99,$1.89/oz,50+ Sold,Royal Macaron Rusk,(4),Hong Kong
"BIMBO Pound Cake with Pecans, Sliced 9 oz",https://www.sayweee.com/en/product/BIMBO-Pound-Cake-with-Pecans--Sliced/91428,$2.89,$0.32/oz,50+ Sold,"BIMBO Pound Cake with Pecans, Sliced",(2),Mexico
YuanXian Konjac Jelly 283 g,https://www.sayweee.com/en/product/YuanXian-Konjac-Jelly/30517,$3.29,,50+ Sold,YuanXian Konjac Jelly,(7),Mainland China
"AROY-D Durian with Sticky Rice in Coconut Milk, Frozen  180 g",https://www.sayweee.com/en/product/AROY-D-Durian-with-Sticky-Rice-in-Coconut-Milk--Frozen-/84161,$4.99,,50+ Sold,"AROY-D Durian with Sticky Rice in Coconut Milk, Frozen",(2),Thailand
Zuming Dried Bean Cake  180 g,https://www.sayweee.com/en/product/Zuming-Dried-Bean-Cake-/22109,$1.99,,50+ Sold,Zuming Dried Bean Cake,(15),Mainland China
Fortune Bakery Egg Yolk Puff 6pc 330 g,https://www.sayweee.com/en/product/Fortune-Bakery-Egg-Yolk-Puff-6pc/15910,$19.99,$0.06/g,50+ Sold,Fortune Bakery Egg Yolk Puff 6pc,(29),United States
Orange Custard Mini Cream Puff 4.44 oz,https://www.sayweee.com/en/product/Orange-Custard-Mini-Cream-Puff/98716,$4.49,$1.01/oz,"50+ Sold,3 Left",Orange Custard Mini Cream Puff,(72),
Salty egg yolk crisp egg roll  218 g,https://www.sayweee.com/en/product/Salty-egg-yolk-crisp-egg-roll-/8526,$3.99,,50+ Sold,Salty egg yolk crisp egg roll,(6),Mainland China
Sunny Hills Pineapple Fortune Cake 9pcs 1 box,https://www.sayweee.com/en/product/Sunny-Hills-Pineapple-Fortune-Cake-9pcs/82416,$64.99,$64.99/box,50+ Sold,Sunny Hills Pineapple Fortune Cake 9pcs,(10),Taiwan
Kyoshin Daifuku Mochi with Bean Paste 8pc 11.01 oz,https://www.sayweee.com/en/product/Kyoshin-Daifuku-Mochi-with-Bean-Paste-8pc/70012,$5.29,$0.48/oz,50+ Sold,Kyoshin Daifuku Mochi with Bean Paste 8pc,(9),Japan
Mc Cormick Ube Flavor  20 ml,https://www.sayweee.com/en/product/Mc-Cormick-Ube-Flavor-/8827,$3.29,$0.16/ml,50+ Sold,Mc Cormick Ube Flavor,(2),Philippines
Country House Mixed Nut Crunch 11.2 oz,https://www.sayweee.com/en/product/Country-House-Mixed-Nut-Crunch/94172,$8.49,$0.75/oz,,Country House Mixed Nut Crunch,(36),United States
GUOSHANLAOCUN Chestnut Pie Cake 128 g,https://www.sayweee.com/en/product/GUOSHANLAOCUN-Chestnut-Pie-Cake/67146,$4.59,$0.03/g,,GUOSHANLAOCUN Chestnut Pie Cake,(33),Mainland China
Shu Shin Bou Heart Shaped Egg Rolls 30pcs 240 g,https://www.sayweee.com/en/product/Shu-Shin-Bou-Heart-Shaped-Egg-Rolls-30pcs/39322,$23.99,$0.09/g,,Shu Shin Bou Heart Shaped Egg Rolls 30pcs,(6),Taiwan
Pineapple Cake Gift Box 10pcs Double Pack 2 box,https://www.sayweee.com/en/product/Pineapple-Cake-Gift-Box-10pcs-Double-Pack/82506,$69.99,$34.99/box,,Pineapple Cake Gift Box 10pcs Double Pack,(2),Taiwan
"AROY-D Mixed Thai Fruit Dessert in Coconut Milk, Frozen  180 g",https://www.sayweee.com/en/product/AROY-D-Mixed-Thai-Fruit-Dessert-in-Coconut-Milk--Frozen-/84162,$3.59,,,"AROY-D Mixed Thai Fruit Dessert in Coconut Milk, Frozen",,Thailand
La Monarca Bakery Orejitas 3.4 oz,https://www.sayweee.com/en/product/La-Monarca-Bakery-Orejitas/41364,$5.99,$1.76/oz,,La Monarca Bakery Orejitas,(4),United States
Regent Japanese Chokoreto Cake 34 g,https://www.sayweee.com/en/product/Regent-Japanese-Chokoreto-Cake/84867,$5.49,$0.16/g,,Regent Japanese Chokoreto Cake,,Philippines
Shu Shin Bou Pineapple Cake 10pcs 500 g,https://www.sayweee.com/en/product/Shu-Shin-Bou-Pineapple-Cake-10pcs/39321,$24.99,$0.04/g,,Shu Shin Bou Pineapple Cake 10pcs,(3),Taiwan
Sunny Hills Pineapple Fortune Cake Gift Box  1 box,https://www.sayweee.com/en/product/Sunny-Hills-Pineapple-Fortune-Cake-Gift-Box-/82423,$49.99,$49.99/box,,Sunny Hills Pineapple Fortune Cake Gift Box,(3),Taiwan
Flower Cake Rose Flavor 210 g,https://www.sayweee.com/en/product/Flower-Cake-Rose-Flavor/17055,$3.69,,,Flower Cake Rose Flavor,(5),Mainland China
Kee Wah Holiday Bakery Gift Box 93 g,https://www.sayweee.com/en/product/Kee-Wah-Holiday-Bakery-Gift-Box/83025,$12.99,$0.13/g,,Kee Wah Holiday Bakery Gift Box,(3),Hong Kong
Chen Yun Pao Chuan Taiwan Moon Cake 1 box,https://www.sayweee.com/en/product/Chen-Yun-Pao-Chuan-Taiwan-Moon-Cake/33000,$8.99,$8.99/box,,Chen Yun Pao Chuan Taiwan Moon Cake,(4),Taiwan
Samlip Castella Sweet Rice Cake Mochi 6pc 7.93 oz,https://www.sayweee.com/en/product/Samlip-Castella-Sweet-Rice-Cake-Mochi-6pc/35058,$4.99,$0.62/oz,,Samlip Castella Sweet Rice Cake Mochi 6pc,(5),South Korea
Chikodo Half Baked Lava Chocolate Cake  180 g,https://www.sayweee.com/en/product/Chikodo-Half-Baked-Lava-Chocolate-Cake-/51454,$7.89,$0.04/g,,Chikodo Half Baked Lava Chocolate Cake,(1),Mainland China
Duen Tai Strawberry Taro Cake 6pcs 300 g,https://www.sayweee.com/en/product/Duen-Tai-Strawberry-Taro-Cake-6pcs/82360,$26.09,$0.08/g,,Duen Tai Strawberry Taro Cake 6pcs,,Taiwan
Bamboo House Alishan Green Tea Cake  250 g,https://www.sayweee.com/en/product/Bamboo-House-Alishan-Green-Tea-Cake-/16280,$4.69,,,Bamboo House Alishan Green Tea Cake,(5),Taiwan
Coco Rice Rolls Durian Flavor 3.53oz 3.53 oz,https://www.sayweee.com/en/product/Coco-Rice-Rolls-Durian-Flavor-353oz/15377,$3.69,$1.04/oz,,Coco Rice Rolls Durian Flavor 3.53oz,(7),Thailand
Pure White Lotus-Seed Paste 500 g,https://www.sayweee.com/en/product/Pure-White-Lotus-Seed-Paste/24021,$5.29,,,Pure White Lotus-Seed Paste,(5),Mainland China
"Sunity Herbal Jelly, Kumquat Lemon Flavor 396 g",https://www.sayweee.com/en/product/Sunity-Herbal-Jelly--Kumquat-Lemon-Flavor/37763,$3.79,,,"Sunity Herbal Jelly, Kumquat Lemon Flavor",(1),Mainland China
Orange Custard Cream Éclair 2.01 oz,https://www.sayweee.com/en/product/Orange-Custard-Cream-clair/65710,$1.99,$0.99/oz,,Orange Custard Cream Éclair,(24),Japan
Tresbon Pineapple Mini Pie 280 g,https://www.sayweee.com/en/product/Tresbon-Pineapple-Mini-Pie/22766,$4.99,,,Tresbon Pineapple Mini Pie,(2),Indonesia
"AROY-D Red Ruby in Coconut Milk, Frozen  150 g",https://www.sayweee.com/en/product/AROY-D-Red-Ruby-in-Coconut-Milk--Frozen-/84164,$4.49,,,"AROY-D Red Ruby in Coconut Milk, Frozen",,Thailand
"Hesheng Royal Product Mung Bean Cakes, Brown Sugar Bubble Milk Flavor 198 g",https://www.sayweee.com/en/product/Hesheng-Royal-Product-Mung-Bean-Cakes--Brown-Sugar-Bubble-Milk-Flavor/46272,$21.99,$0.11/g,,"Hesheng Royal Product Mung Bean Cakes, Brown Sugar Bubble Milk Flavor",(16),Taiwan
Pineapple Cake and Apple Cake Gift Box 10pcs 1 count,https://www.sayweee.com/en/product/Pineapple-Cake-and-Apple-Cake-Gift-Box-10pcs/82742,$54.99,$54.99/count,,Pineapple Cake and Apple Cake Gift Box 10pcs,(1),Taiwan
Yogurt Flavor Puff 158 g,https://www.sayweee.com/en/product/Yogurt-Flavor-Puff/34274,$4.19,,,Yogurt Flavor Puff,(1),Mainland China
Regent Mochi Wintermelon Milk Tea Flavor 24 g,https://www.sayweee.com/en/product/Regent-Mochi-Wintermelon-Milk-Tea-Flavor/86246,$3.59,$0.14/g,,Regent Mochi Wintermelon Milk Tea Flavor,,Philippines
Saongwon Korean Sweet Dessert Pancake (Hotteok) Original Flavor 14.1 oz,https://www.sayweee.com/en/product/Saongwon-Korean-Sweet-Dessert-Pancake--Hotteok--Original-Flavor/40953,$4.99,$0.35/oz,,Saongwon Korean Sweet Dessert Pancake (Hotteok) Original Flavor,(1),South Korea
Black Pineapple Cake 6pc 270 g,https://www.sayweee.com/en/product/Black-Pineapple-Cake-6pc/65687,$22.79,$0.08/g,,Black Pineapple Cake 6pc,(19),Taiwan
Chen Yun Pao Chuan Taiwanese Moon Cake with Cream Cheese Filling 1 box,https://www.sayweee.com/en/product/Chen-Yun-Pao-Chuan-Taiwanese-Moon-Cake-with-Cream-Cheese-Filling/96985,$24.64,$24.64/box,,Chen Yun Pao Chuan Taiwanese Moon Cake with Cream Cheese Filling,(46),Mainland China
Yue Mi Qi Crisp Cookies 586 g,https://www.sayweee.com/en/product/Yue-Mi-Qi-Crisp-Cookies/84941,$7.39,,,Yue Mi Qi Crisp Cookies,(1),Mainland China
Leeker Red Bean Mochi Tart 1 count,https://www.sayweee.com/en/product/Leeker-Red-Bean-Mochi-Tart/1709,$11.99,$11.99/count,,Leeker Red Bean Mochi Tart,(217),Taiwan
Hsin Tung Yang Bubble Latte Cakes 8.8 oz,https://www.sayweee.com/en/product/Hsin-Tung-Yang-Bubble-Latte-Cakes/15869,$8.99,$1.02/oz,,Hsin Tung Yang Bubble Latte Cakes,(36),Taiwan
Kuo Yuan Ye Creamy Paste Cake with Sesame and Mung Bean 15 count,https://www.sayweee.com/en/product/Kuo-Yuan-Ye-Creamy-Paste-Cake-with-Sesame-and-Mung-Bean/1796,$17.99,$1.19/count,,Kuo Yuan Ye Creamy Paste Cake with Sesame and Mung Bean,(14),Taiwan
SunnyHills Apple Cake 500 g,https://www.sayweee.com/en/product/SunnyHills-Apple-Cake/26338,$41.79,$0.08/g,,SunnyHills Apple Cake,(27),Taiwan
Taiwan Rice Cake Eight Treasure 980 g,https://www.sayweee.com/en/product/Taiwan-Rice-Cake-Eight-Treasure/7141,$8.99,,,Taiwan Rice Cake Eight Treasure,(1),Taiwan
"Angelina Tapioca Pearl in Syrup, Green 12 oz",https://www.sayweee.com/en/product/Angelina-Tapioca-Pearl-in-Syrup--Green/34293,$2.79,$0.23/oz,,"Angelina Tapioca Pearl in Syrup, Green",(2),Philippines
Jiu Zhen Nan Chinese Date and Walnut Nougat 220 g,https://www.sayweee.com/en/product/Jiu-Zhen-Nan-Chinese-Date-and-Walnut-Nougat/3558,$22.89,$0.10/g,,Jiu Zhen Nan Chinese Date and Walnut Nougat,(19),Taiwan
Mango Mango Black Sugar Boba Puffs 2 count,https://www.sayweee.com/en/product/Mango-Mango-Black-Sugar-Boba-Puffs/33413,$7.99,$3.99/count,,Mango Mango Black Sugar Boba Puffs,(68),United States
Kee Wah Tiger & Panda Rice Pudding Twin Gift Box 800 g,https://www.sayweee.com/en/product/Kee-Wah-Tiger---Panda-Rice-Pudding-Twin-Gift-Box/85297,$25.89,$0.03/g,,Kee Wah Tiger & Panda Rice Pudding Twin Gift Box,,Hong Kong
Regent Mochi Buko Pandan Flavor 24 g,https://www.sayweee.com/en/product/Regent-Mochi-Buko-Pandan-Flavor/86245,$3.59,$0.14/g,,Regent Mochi Buko Pandan Flavor,,Philippines
M Tea Magnum Valentine 335 g,https://www.sayweee.com/en/product/M-Tea-Magnum-Valentine/86183,$19.99,$0.05/g,,M Tea Magnum Valentine,,United States
"AROY-D Gingko Nuts with Taro Mousse, Frozen  180 g",https://www.sayweee.com/en/product/AROY-D-Gingko-Nuts-with-Taro-Mousse--Frozen-/84160,$4.49,,,"AROY-D Gingko Nuts with Taro Mousse, Frozen",(3),Thailand
Emperor Love Monet's Garden Golden & Lychee Pineapple Cake Gift Set 8pc 360 g,https://www.sayweee.com/en/product/Emperor-Love-Monet-s-Garden-Golden---Lychee-Pineapple-Cake-Gift-Set-8pc/83959,$23.49,$0.06/g,,Emperor Love Monet's Garden Golden & Lychee Pineapple Cake Gift Set 8pc,,Taiwan
Durian Cake 210g 210 g,https://www.sayweee.com/en/product/Durian-Cake-210g/17040,$3.69,,,Durian Cake 210g,(2),Mainland China
Senjuan Meidia Mushi Kintsuba 8pc 7.32 oz,https://www.sayweee.com/en/product/Senjuan-Meidia-Mushi-Kintsuba-8pc/42816,$14.99,$2.04/oz,,Senjuan Meidia Mushi Kintsuba 8pc,(10),Japan
Lago Plaisir Lingotti Wafers with Passion Fruit Cream and Milk Chocolate 110 g,https://www.sayweee.com/en/product/Lago-Plaisir-Lingotti-Wafers-with-Passion-Fruit-Cream-and-Milk-Chocolate/79745,$3.49,$0.03/g,,Lago Plaisir Lingotti Wafers with Passion Fruit Cream and Milk Chocolate,(1),Italy
Sarap Pinoy Maja Blanca Mix 185 g,https://www.sayweee.com/en/product/Sarap-Pinoy-Maja-Blanca-Mix/84318,$2.39,,,Sarap Pinoy Maja Blanca Mix,,Philippines
BRAVO BEAR  Vanilla Chocolate Baumkuchen 300 g,https://www.sayweee.com/en/product/BRAVO-BEAR--Vanilla-Chocolate-Baumkuchen/82362,$28.99,$0.09/g,,BRAVO BEAR  Vanilla Chocolate Baumkuchen,(1),Taiwan
Country House Variety Gift Pack 18 oz,https://www.sayweee.com/en/product/Country-House-Variety-Gift-Pack/85432,$15.99,$0.88/oz,,Country House Variety Gift Pack,,United States
"AROY-D Banana in Coconut Milk, Frozen  180 g",https://www.sayweee.com/en/product/AROY-D-Banana-in-Coconut-Milk--Frozen-/84159,$4.49,,,"AROY-D Banana in Coconut Milk, Frozen",,Thailand
Kam Wah Egg Yolk Pies 8pcs 19.7 oz,https://www.sayweee.com/en/product/Kam-Wah-Egg-Yolk-Pies-8pcs/25903,$28.99,$1.47/oz,,Kam Wah Egg Yolk Pies 8pcs,(1),Malaysia
Angelina Tapioca In Syrup (red) 12 oz,https://www.sayweee.com/en/product/Angelina-Tapioca-In-Syrup--red-/34292,$2.79,$0.23/oz,,Angelina Tapioca In Syrup (red),(2),Philippines
Osmanthus Cake 218 g,https://www.sayweee.com/en/product/Osmanthus-Cake/38172,$4.19,,,Osmanthus Cake,(2),Mainland China
Chen Yun Pao Chuan Pomelo Cake 1 box,https://www.sayweee.com/en/product/Chen-Yun-Pao-Chuan-Pomelo-Cake/32995,$8.99,$8.99/box,,Chen Yun Pao Chuan Pomelo Cake,(2),Taiwan
Lago Plaisir Rondo Coconut Cream and Dark Chocolate 98 g,https://www.sayweee.com/en/product/Lago-Plaisir-Rondo-Coconut-Cream-and-Dark-Chocolate/79743,$3.49,$0.03/g,,Lago Plaisir Rondo Coconut Cream and Dark Chocolate,(1),Italy
"AROY-D Sago & Black Bean in Coconut Milk, Frozen  180 g",https://www.sayweee.com/en/product/AROY-D-Sago---Black-Bean-in-Coconut-Milk--Frozen-/84163,$4.49,,,"AROY-D Sago & Black Bean in Coconut Milk, Frozen",,Thailand
Mango Cake 218 g,https://www.sayweee.com/en/product/Mango-Cake/40156,$4.19,,,Mango Cake,(1),Mainland China
Kaman Biscuits Gift Bag 508 g,https://www.sayweee.com/en/product/Kaman-Biscuits-Gift-Bag/38169,$15.99,$0.03/g,,Kaman Biscuits Gift Bag,,Mainland China
Fortune Gathering Shanghai Walnut Cookies 500 g,https://www.sayweee.com/en/product/Fortune-Gathering-Shanghai-Walnut-Cookies/91279,$10.99,,,Fortune Gathering Shanghai Walnut Cookies,(1),Mainland China
Lago Plaisir Fiaccole Wafer Rolls Filled with Blackcurrant and Dark Chocolate 100 g,https://www.sayweee.com/en/product/Lago-Plaisir-Fiaccole-Wafer-Rolls-Filled-with-Blackcurrant-and-Dark-Chocolate/79746,$3.49,$0.03/g,,Lago Plaisir Fiaccole Wafer Rolls Filled with Blackcurrant and Dark Chocolate,,Italy
SDC Shanghai Crisp Pastry White Sesame Flavor Frozen 240 g,https://www.sayweee.com/en/product/SDC-Shanghai-Crisp-Pastry-White-Sesame-Flavor-Frozen/81315,$6.59,,"600+ Sold,23 Left",SDC Shanghai Crisp Pastry White Sesame Flavor Frozen,(29),Mainland China
"KSF Sweet Puff Pastry Cookie, Hazulnut Chocolate Flavor  80 g",https://www.sayweee.com/en/product/KSF-Sweet-Puff-Pastry-Cookie--Hazulnut-Chocolate-Flavor-/4240,$1.79,,400+ Sold,"KSF Sweet Puff Pastry Cookie, Hazulnut Chocolate Flavor",(15),Mainland China
Sesame Pastry 12pc 360 g,https://www.sayweee.com/en/product/Sesame-Pastry-12pc/69711,$3.49,,100+ Sold,Sesame Pastry 12pc,(33),
Magic Melt Ube Otap Puff Pastry Cookie 200 g,https://www.sayweee.com/en/product/Magic-Melt-Ube-Otap-Puff-Pastry-Cookie/5500,$2.99,,50+ Sold,Magic Melt Ube Otap Puff Pastry Cookie,(7),Philippines
LOTTE Pie Rich Chocolate Flavor Pastry Cookie 69 g,https://www.sayweee.com/en/product/LOTTE-Pie-Rich-Chocolate-Flavor-Pastry-Cookie/18936,$4.29,$0.06/g,50+ Sold,LOTTE Pie Rich Chocolate Flavor Pastry Cookie,(3),Japan
MX Hearty Butter Pastries Gift Set 22pcs 206 g,https://www.sayweee.com/en/product/MX-Hearty-Butter-Pastries-Gift-Set-22pcs/51185,$31.99,$0.15/g,50+ Sold,MX Hearty Butter Pastries Gift Set 22pcs,(3),Hong Kong
Wei-Chuan 9 PCS TAIWANESE ASSORTED PASTRY BOX 528 g,https://www.sayweee.com/en/product/Wei-Chuan-9-PCS-TAIWANESE-ASSORTED-PASTRY-BOX/18452,$29.99,$0.05/g,50+ Sold,Wei-Chuan 9 PCS TAIWANESE ASSORTED PASTRY BOX,(1),Taiwan
DXC New Year's Pastries Gift Box 600 g,https://www.sayweee.com/en/product/DXC-New-Years-Pastries-Gift-Box/52947,$14.99,,,DXC New Year's Pastries Gift Box,,Mainland China
Marky's Pilipit Twisted Pastry Biscuits 200 g,https://www.sayweee.com/en/product/Marky-s-Pilipit-Twisted-Pastry-Biscuits/16331,$3.89,,,Marky's Pilipit Twisted Pastry Biscuits,(6),Philippines
"MX Fine Goods ""Fat Choy"" Pastries Gift Box 134 g",https://www.sayweee.com/en/product/MX-Fine-Goods--Fat-Choy--Pastries-Gift-Box/51182,$26.49,$0.19/g,,"MX Fine Goods ""Fat Choy"" Pastries Gift Box",(2),Hong Kong
"MX Fine Goods ""Jiu Jiu Choy"" Pastries Gift Box 90 g",https://www.sayweee.com/en/product/MX-Fine-Goods--Jiu-Jiu-Choy--Pastries-Gift-Box/51183,$23.99,$0.26/g,,"MX Fine Goods ""Jiu Jiu Choy"" Pastries Gift Box",,Hong Kong
Sunrise Otap Cinnamon Puff Pastry  250 g,https://www.sayweee.com/en/product/Sunrise-Otap-Cinnamon-Puff-Pastry-/27600,$3.99,,,Sunrise Otap Cinnamon Puff Pastry,(3),Philippines
Crispy Durian Pastry 1 each,https://www.sayweee.com/en/restaurants/1942?ws=shopping-search,$8.48,$8.48/each,,Weee!,,
Preserved Egg Pastry 1 each,https://www.sayweee.com/en/restaurants/1942?ws=shopping-search,$4.80,$4.80/each,,Weee!,,
Taro Mochi Pastry 6cs 300 g,https://www.sayweee.com/en/product/Taro-Mochi-Pastry-6cs/96671,$18.19,$0.06/g,,Taro Mochi Pastry 6cs,(57),Taiwan
Rose of Love Flower Pastry  200 g,https://www.sayweee.com/en/product/Rose-of-Love-Flower-Pastry-/39217,$3.79,,,Rose of Love Flower Pastry,(1),Mainland China
Tacha Master Bubble Milk Tea Taro Pastry 6pcs 300 g,https://www.sayweee.com/en/product/Tacha-Master-Bubble-Milk-Tea-Taro-Pastry-6pcs/16361,$28.99,$0.09/g,,Tacha Master Bubble Milk Tea Taro Pastry 6pcs,(40),Taiwan
O-Nong Little Taro Pastries 390 g,https://www.sayweee.com/en/product/ONong-Little-Taro-Pastries/43350,$39.99,$0.10/g,,O-Nong Little Taro Pastries,(14),Taiwan
Hapi Japanese Pudding 3pk 8.46 oz,https://www.sayweee.com/en/product/Hapi-Japanese-Pudding-3pk/95700,$2.49,$0.29/oz,1K+ Sold,Hapi Japanese Pudding 3pk,(848),Japan
"Ao Kun Hong Kong Style Tart Crust, Frozen 34pc 520 g",https://www.sayweee.com/en/product/Ao-Kun-Hong-Kong-Style-Tart-Crust--Frozen-34pc/36863,$7.99,,700+ Sold,"Ao Kun Hong Kong Style Tart Crust, Frozen 34pc",(50),Mainland China
GYG Sesame And Peanut Crips Cake 360 g,https://www.sayweee.com/en/product/GYG-Sesame-And-Peanut-Crips-Cake/20814,$6.29,,600+ Sold,GYG Sesame And Peanut Crips Cake,(9),Mainland China
HTY Pineapple Shortcake 200 g,https://www.sayweee.com/en/product/HTY-Pineapple-Shortcake/98799,$2.49,,500+ Sold,HTY Pineapple Shortcake,(321),Taiwan
Kee Wah Black Sesame Eggroll Wafers 1 each,https://www.sayweee.com/en/product/Kee-Wah-Black-Sesame-Eggroll-Wafers/22750,$3.69,$3.69/each,200+ Sold,Kee Wah Black Sesame Eggroll Wafers,(41),Hong Kong
Original Taiwanese Sun Cake 600 g,https://www.sayweee.com/en/product/Original-Taiwanese-Sun-Cake/94612,$13.79,,200+ Sold,Original Taiwanese Sun Cake,(253),Taiwan
Meixin Egg Rolls 448 g,https://www.sayweee.com/en/product/Meixin-Egg-Rolls/12597,$22.99,$0.05/g,200+ Sold,Meixin Egg Rolls,(124),Hong Kong
Hsin Tung Yang Pineapple Shortcake 8pc 200 g,https://www.sayweee.com/en/product/Hsin-Tung-Yang-Pineapple-Shortcake-8pc/24967,$4.49,,200+ Sold,Hsin Tung Yang Pineapple Shortcake 8pc,(32),Taiwan
Red Bean Rice Cakes 500g 480 g,https://www.sayweee.com/en/product/Red-Bean-Rice-Cakes-500g/79880,$3.69,,200+ Sold,Red Bean Rice Cakes 500g,(14),Taiwan
DEKA WAFER BITES DURIAN 7 oz,https://www.sayweee.com/en/product/DEKA-WAFER-BITES-DURIAN/20819,$3.29,$0.47/oz,100+ Sold,DEKA WAFER BITES DURIAN,(25),Indonesia
"Ao Kun Wife Cake (Crispy Pie), Frozen 18pc 720 g",https://www.sayweee.com/en/product/Ao-Kun-Wife-Cake--Crispy-Pie---Frozen-18pc/37373,$12.49,,100+ Sold,"Ao Kun Wife Cake (Crispy Pie), Frozen 18pc",(43),Mainland China
Flour Cake Durian and Rose Flavor 210g 216 g,https://www.sayweee.com/en/product/Flour-Cake-Durian-and-Rose-Flavor-210g/17053,$3.69,,100+ Sold,Flour Cake Durian and Rose Flavor 210g,(5),Mainland China
Vara Foods Tapioca Peal Pudding with Sweet Corn 4 oz,https://www.sayweee.com/en/product/Vara-Foods-Tapioca-Peal-Pudding-with-Sweet-Corn/25253,$2.49,$0.62/oz,100+ Sold,Vara Foods Tapioca Peal Pudding with Sweet Corn,(10),Thailand
"Taiyaki Fish with Red Bean Filling, 10ct 900 g",https://www.sayweee.com/en/product/Taiyaki-Fish-with-Red-Bean-Filling--10ct/12478,$8.99,,50+ Sold,"Taiyaki Fish with Red Bean Filling, 10ct",(118),Mainland China
Brown Sugar Rice Cake 480 g,https://www.sayweee.com/en/product/Brown-Sugar-Rice-Cake/50573,$3.49,,50+ Sold,Brown Sugar Rice Cake,(8),Taiwan
Taiwanese Pineapple Soursop Cake  250 g,https://www.sayweee.com/en/product/Taiwanese-Pineapple-Soursop-Cake-/16261,$3.79,,50+ Sold,Taiwanese Pineapple Soursop Cake,(6),Taiwan
HSUFUCHI Pineapple Sandwich Cookie 184g 184 g,https://www.sayweee.com/en/product/HSUFUCHI-Pineapple-Sandwich-Cookie-184g/30023,$3.99,,50+ Sold,HSUFUCHI Pineapple Sandwich Cookie 184g,(3),Mainland China
Bestore Cheese Soybean Egg Yolk Cakes 165 g,https://www.sayweee.com/en/product/Bestore-Cheese-Soybean-Egg-Yolk-Cakes/71732,$3.89,,50+ Sold,Bestore Cheese Soybean Egg Yolk Cakes,(24),Mainland China
Peanut Mochi 120 fl.oz,https://www.sayweee.com/en/product/Peanut-Mochi/16254,$1.99,,50+ Sold,Peanut Mochi,(16),Taiwan
Sa Giang Crab Cracker in Box 7 oz,https://www.sayweee.com/en/product/Sa-Giang-Crab-Cracker-in-Box/22485,$1.39,$0.19/oz,50+ Sold,Sa Giang Crab Cracker in Box,(17),Vietnam
HiWalk Handmade Peanut Egg Rolls 1 each,https://www.sayweee.com/en/product/HiWalk-Handmade-Peanut-Egg-Rolls/9858,$27.99,$27.99/each,50+ Sold,HiWalk Handmade Peanut Egg Rolls,(23),Taiwan
Jiu Zhen Nan Pineapple Cakes 9pcs 315 g,https://www.sayweee.com/en/product/Jiu-Zhen-Nan-Pineapple-Cakes-9pcs/3557,$32.49,$0.10/g,,Jiu Zhen Nan Pineapple Cakes 9pcs,(40),Taiwan
"Shu Shin Bou Egg Rolls, Peanut and Sesame Filling 12pcs 240 g",https://www.sayweee.com/en/product/Shu-Shin-Bou-Egg-Rolls--Peanut-and-Sesame-Filling-12pcs/31614,$19.99,$0.08/g,,"Shu Shin Bou Egg Rolls, Peanut and Sesame Filling 12pcs",(10),Taiwan
Golden Coin Almond Agar Mix 7 oz,https://www.sayweee.com/en/product/Golden-Coin-Almond-Agar-Mix/13890,$2.49,$0.35/oz,,Golden Coin Almond Agar Mix,(13),United States
Durian Cake 218 g,https://www.sayweee.com/en/product/Durian-Cake/38176,$4.19,,,Durian Cake,,Mainland China
"Kyoshin Daifuku Mochi with Bean Paste, Matcha 8pcs 10.58 oz",https://www.sayweee.com/en/product/Kyoshin-Daifuku-Mochi-with-Bean-Paste-Matcha-8pcs/70017,$5.29,$0.50/oz,,"Kyoshin Daifuku Mochi with Bean Paste, Matcha 8pcs",(2),Japan
Duen Tai Sweet Potato Taro Cake 500 g,https://www.sayweee.com/en/product/Duen-Tai-Sweet-Potato-Taro-Cake/82361,$22.89,$0.04/g,,Duen Tai Sweet Potato Taro Cake,(1),Taiwan
Funwari Meijin Kinako Mochi 2.64 oz,https://www.sayweee.com/en/product/Funwari-Meijin-Kinako-Mochi/30236,$4.99,$1.89/oz,,Funwari Meijin Kinako Mochi,(12),Japan
Kee Wah Bakery Pineapple Shortcakes 6ct 300 g,https://www.sayweee.com/en/product/Kee-Wah-Bakery-Pineapple-Shortcakes-6ct/52395,$12.19,$0.04/g,,Kee Wah Bakery Pineapple Shortcakes 6ct,(2),Hong Kong
Cheng Fu Tang Brown Sugar Cookies 360 g,https://www.sayweee.com/en/product/Cheng-Fu-Tang-Brown-Sugar-Cookies/16258,$4.99,,,Cheng Fu Tang Brown Sugar Cookies,(30),Taiwan
SDC Shanghai Crisp Sesame Pastry with Preserved Vegetables  240 g,https://www.sayweee.com/en/product/SDC-Shanghai-Crisp-Sesame-Pastry-with-Preserved-Vegetables-/81314,$6.59,,500+ Sold,SDC Shanghai Crisp Sesame Pastry with Preserved Vegetables,(20),Mainland China
D-Plus Hokkaido Cream Pastry Roll 1 each,https://www.sayweee.com/en/product/D-Plus-Hokkaido-Cream-Pastry-Roll/93983,$2.29,$2.29/each,400+ Sold,D-Plus Hokkaido Cream Pastry Roll,(440),Japan
Green Onion Crisp Pastry 20pcs 1 each,https://www.sayweee.com/en/product/Green-Onion-Crisp-Pastry-20pcs/39976,$38.99,$38.99/each,300+ Sold,Green Onion Crisp Pastry 20pcs,(140),Taiwan
